3148 5020
615 451 835 506 Praefatio.
1238 452 1316 515 Xffl

213 645 408 729 Argumenta
424 646 559 730 singulis
576 644 685 729 Optati
707 646 798 711 libris
822 645 854 710 in
874 645 1038 711 codicibus
1056 644 1192 726 praefixa
1210 645 1242 708 in
1263 643 1315 707 ad·
1330 639 1406 732 3³³⁰(

168 753 363 817 notationem
379 753 522 818 criticam
535 752 697 817 resemaui
707 753 793 817 haud
808 751 902 816 dubia
913 752 951 816 ab
964 750 1081 832 Optato
1097 750 1313 816 abiudicande.
1336 747 1403 839 ¹33·
1441 748 1443 752 ’

168 861 309 924 attamen
340 861 527 943 perantiqua
559 878 630 924 esse
662 859 718 924 illa
749 860 813 923 iam
847 875 883 923 ex
916 877 952 923 eo
985 858 1192 942 intellegitur,
1231 857 1315 940 quod

168 965 294 1031 codices
322 969 484 1032 uetustate
511 966 668 1050 principes
691 965 746 1030 ΡΑ
771 967 851 1030 alter
879 966 1064 1049 argumenta
1093 964 1207 1040 omnia,
1236 963 1317 1030 alter

169 1073 224 1154 qui
242 1091 261 1136 a
280 1073 416 1156 septimo
434 1073 562 1138 tandem
580 1074 661 1138 libro
679 1073 802 1154 incipit,
827 1071 970 1136 eiusdem
992 1071 1066 1136 libri
1088 1069 1315 1153 praefationem

168 1178 326 1247 exhibent.
340 1184 503 1263 praeterea
516 1180 631 1262 reliqui
646 1179 772 1245 codices
788 1181 974 1263 argumenta
989 1197 1047 1243 suo
1061 1179 1133 1244 loco
1148 1179 1313 1260 praebent;

169 1285 225 1349 sed
251 1286 414 1352 intercidit
439 1287 535 1371 primi
560 1287 635 1351 libri
661 1285 814 1368 praefatio
838 1287 869 1350 in
896 1285 981 1352 Get
1007 1285 1092 1350 haud
1121 1286 1186 1352 scio
1215 1304 1253 1350 an
1281 1286 1313 1349 in

167 1391 290 1458 Tiliano
315 1394 423 1460 codice
447 1397 583 1460 omissae
606 1394 734 1470 fuerint,
758 1414 821 1477 quo
840 1413 919 1459 usus
934 1393 1110 1458 Balduinus
1130 1395 1315 1476 argumenta

167 1499 307 1582 neglexit
337 1501 451 1566 omnia.
484 1501 743 1585 Petropolitanus
767 1500 836 1566 cod.
861 1502 983 1583 septem
1006 1501 1079 1566 illas
1101 1499 1313 1582 praefationes

168 1623 226 1668 suo
260 1606 368 1672 ordine
401 1608 571 1692 dispositas
604 1609 695 1674 offert
726 1609 883 1690 iteratque
914 1608 1009 1691 primi
1032 1611 1064 1672 et
1087 1606 1219 1672 secundi
1241 1605 1314 1670 libri

168 1716 355 1795 argumenta
379 1733 436 1779 suo
461 1715 608 1798 quodque
631 1716 713 1781 loco.
743 1715 817 1798 quin
847 1714 943 1778 etiarn
972 1713 1049 1778 adeo
1074 1731 1191 1778 conexa
1212 1713 1314 1777 fuisse
1348 1725 1350 1730 '

166 1817 317 1884 uidentur
340 1839 412 1885 cum
430 1822 583 1887 librorum
602 1821 713 1900 initiis,
732 1827 770 1886 ut
788 1820 966 1906 argumenti
985 1820 1014 1883 V
1029 1823 1167 1884 extrema
1183 1819 1216 1883 in
1232 1820 1312 1884 eius·
1380 1869 1383 1876 .

167 1923 240 1990 dom
254 1926 327 1990 libri
342 1927 502 1993 exordium
517 1929 705 1993 transmissa
723 1929 890 1994 exhibeant
909 1928 1034 1993 codices
1058 1927 1211 1992 nonnulli.
1228 1946 1312 1991 unus

167 2032 264 2098 codex
280 2034 435 2114 Cusanus,
452 2035 600 2102 editionis
615 2035 767 2119 principis
782 2036 852 2100 fons
868 2038 900 2099 at
914 2029 1096 2112 auctoritas,
1110 2051 1184 2117 prae
1200 2033 1312 2099 ceteris

167 2140 268 2204 multo
293 2142 454 2226 copiosius
477 2143 623 2225 perhibet
650 2145 873 2226 argumentum
905 2143 978 2208 libri
1005 2143 1060 2208 VI.
1095 2142 1149 2224 qui
1181 2159 1256 2206 uero
1280 2140 1327 2203 in'

167 2245 360 2312 editionibus
394 2249 529 2332 singulis
556 2249 710 2313 librorum
743 2249 902 2332 capitibus
930 2249 1058 2333 praefixi
1082 2250 1157 2314 sunt
1179 2247 1311 2324 indices,

165 2353 224 2417 hos
249 2353 344 2418 omisi
365 2355 486 2420 nullius
510 2355 629 2420 codicis
653 2357 840 2422 auctoritate
863 2357 1009 2437 nitentes.

210 2461 280 2524 Iam
321 2480 416 2546 supra
451 2461 591 2528 indicaui
628 2462 781 2548 Optatum
822 2463 1037 2546 compluribus
1079 2463 1112 2526 in
1152 2462 1232 2527 locis
1270 2460 1309 2524 ad
1322 2459 1414 2554 Agfgffl·

165 2567 319 2632 Actorum
348 2569 417 2634 siue
442 2569 613 2636 Gestorum
650 2571 815 2636 uolumina
849 2587 998 2634 reuocare
1033 2569 1192 2654 legentes,
1232 2587 1311 2651 quae

165 2673 256 2738 libris
285 2675 353 2740 suis
382 2677 565 2760 appendicis
592 2678 693 2742 instar
721 2677 827 2742 addita
851 2695 920 2742 esse
942 2676 1118 2759 profitetur.
1143 2679 1238 2757 atque
1261 2676 1311 2739 his

165 2781 357 2850 testimoniis
376 2781 421 2846 ita
439 2783 551 2860 utitur,
570 2787 607 2847 ut
629 2783 682 2848 uel
705 2782 934 2848 sententiarum
958 2801 1116 2846 summam
1139 2783 1192 2846 uel
1214 2782 1312 2846 uerba

165 2887 272 2952 uerbis
296 2907 442 2972 expressa
474 2889 595 2954 adferat
618 2888 688 2975 (cfr.
715 2891 766 2968 16,
788 2892 843 2966 143
870 2891 922 2968 25,
948 2890 1004 2965 203
1030 2890 1083 2970 27,
1109 2887 1174 2973 19).
1198 2889 1311 2953 horum

165 2994 420 3059 testimoniorum
457 2997 600 3079 exempla
637 2996 792 3079 quaedam
824 2997 856 3060 in
889 3015 951 3060 uno
989 2995 1096 3086 codice
1130 2995 1310 3061 Colbertino

166 3103 348 3182 seruantur,
376 3121 456 3184 quae
489 3103 596 3168 omnia
628 3104 667 3169 ad
694 3103 934 3169 Donatistarum
961 3103 1127 3168 historiam
1154 3105 1312 3186 pertinent

164 3205 396 3272 illustrandam.
408 3211 483 3274 sunt
498 3210 606 3275 decem
616 3214 968 3290 numeromonumenta‚
979 3211 1216 3294 quaelicetnon
1227 3211 1312 3276 omni

167 3331 202 3376 ex
224 3316 314 3397 parte
338 3332 411 3378 cum
431 3314 541 3398 Optati
563 3336 655 3399 opere
679 3317 874 3382 contexenda
895 3320 1000 3382 tamen
1025 3337 1086 3383 non
1108 3318 1215 3402 inepte
1239 3317 1312 3381 addi

165 3420 323 3500 uidentur,
350 3423 467 3506 quippe
487 3442 566 3506 quae
590 3425 691 3489 oculis
716 3425 807 3506 quasi
829 3425 988 3490 subiciant
1000 3424 1238 3490 Donatistarum
1261 3445 1311 3489 res

167 3528 384 3594 contentiones
411 3529 629 3597 refutationes.
661 3531 726 3594 iam
754 3531 913 3612 Dupinius
940 3532 1019 3596 haec
1046 3535 1252 3596 monumenta
1279 3533 1309 3595 in

167 3633 337 3716 editionem
370 3654 459 3700 suern
492 3638 612 3720 recepit
635 3641 668 3701 et
691 3637 745 3720 qui
776 3641 888 3721 postea
921 3638 989 3703 eius
1022 3639 1204 3705 recensione
1236 3643 1313 3703 sunt

165 3740 299 3806 libenter
316 3741 378 3821 nsi,
398 3734 661 3808 ne'monumenta
684 3744 813 3826 quidem
831 3744 1029 3828 neglegenda
1052 3765 1122 3810 esse
1146 3744 1311 3810 duxerunt.

167 3847 310 3932 singulae
334 3851 441 3913 autem
466 3866 573 3914 eorum
600 3853 706 3934 partes
729 3851 874 3933 inprimis
897 3851 1024 3935 ingenie
1048 3853 1230 3929 allexerunt,
1257 3853 1311 3935 qui

167 3953 335 4020 Donatiani
368 3955 528 4021 scismatis
560 3957 687 4022 occulta
720 3957 816 4022 dubia
847 3959 1020 4042 pugnantia
1053 3961 1217 4041 explanare
1249 3960 1311 4025 sibi

166 4063 407 4144 proposuerunt.
436 4083 497 4146 quo
524 4064 556 4127 in
586 4083 717 4129 numero
740 4065 896 4130 habentur
926 4065 1016 4130 ilerd.
1045 4065 1213 4131 Ribbeck
1235 4065 1311 4153 (Do-
1441 4103 1443 4107 ·

123 4159 128 4168 ’
166 4169 259 4232 natus
296 4167 362 4231 und
393 4169 605 4254 Augustinus,
639 4171 800 4236 Elberfeld
839 4168 949 4260 1858),
987 4173 1102 4238 Martin
1141 4172 1310 4240 Deutsch

167 4272 253 4356 (Drei
266 4275 482 4341 Aktenstdolrc
502 4297 528 4343 a.
549 4277 742 4344 Geschichte
761 4279 816 4344 des
835 4278 1052 4358 Donatismns,
1071 4281 1179 4346 Berlin
1200 4278 1309 4367 1875),

167 4379 245 4448 Dan.
269 4381 421 4447 Voelter
444 4383 521 4469 (Der
543 4385 709 4470 Ursprung
732 4385 788 4450 des
811 4385 1028 4465 Donatismus,
1052 4387 1207 4472 Freiburg
1231 4387 1252 4454 i.
1271 4389 1309 4456 B.
