3052 5012
628 1105 788 1170 LIBER
821 1101 1068 1184 QUINTUS.

321 1251 351 1319 1.
384 1249 563 1314 Traditores
595 1247 677 1332 Iegis
710 1247 765 1328 qui
795 1245 914 1310 fuerint
946 1247 978 1310 et
1010 1246 1154 1310 auctores
1188 1243 1352 1320 scismatis,
1379 1243 1406 1306 in

275 1357 377 1442 primo
407 1356 487 1420 libro
515 1352 787 1418 manifestissimis
816 1352 1015 1418 documentis
1044 1351 1254 1429 ostendimus,
1280 1353 1312 1414 et
1335 1350 1408 1432 apud

276 1482 333 1529 nos
358 1481 427 1527 esse
451 1481 547 1526 unam
570 1479 679 1526 ueram
703 1459 870 1525 ecclesiam
894 1458 1083 1524 catholicam
1107 1457 1246 1522 secundo
1269 1459 1407 1520 monstra-

276 1570 397 1645 uimus;
421 1567 515 1634 tertio
540 1587 615 1633 uero
638 1566 855 1649 probauimus,
876 1583 956 1647 quae
980 1582 1089 1648 aspera
1112 1563 1197 1628 facta
1221 1581 1291 1627 esse
1314 1563 1407 1626 dicun·
1432 1577 1441 1617 ⁵

276 1679 337 1750 tur,
365 1675 404 1739 ad
431 1693 488 1740 nos
516 1673 646 1738 minime
674 1673 832 1755 pertinere
861 1674 894 1735 ct
920 1689 980 1736 uos
1008 1670 1111 1754 magis
1138 1673 1321 1754 peccatores
1349 1687 1408 1732 esse

275 1781 391 1846 indicio
411 1780 518 1844 diuino
539 1779 716 1845 docuimus.
736 1779 799 1843 iam
818 1777 857 1842 de
875 1767 1069 1860 baptismate
1088 1776 1149 1841 hoc
1166 1776 1238 1841 loco
1254 1775 1408 1839 dicendum

278 1889 340 1962 est3
377 1887 409 1950 in
447 1906 509 1970 qua
539 1906 583 1966 re,
622 1867 702 1968 quae
734 1904 818 1951 nunc
850 1886 965 1970 agitur,
999 1883 1143 1966 quaestio
1172 1885 1242 1948 tota
1265 1882 1407 1956 consistit,

278 1993 361 2078 quod
397 1993 557 2077 baptisma
593 1999 701 2058 uestra
737 1991 873 2057 uiolauit
909 1991 1050 2065 audacia,
1088 1989 1163 2054 dum
1203 1989 1236 2054 id
1273 1988 1408 2055 uoluistis

279 2101 404 2179 iterare,
430 2100 515 2182 quod
539 2100 638 2166 semel
660 2099 824 2164 mandauit
847 2097 993 2164 Christus
1022 2115 1092 2163 esse
1119 2096 1311 2163 faciendum.
1337 2094 1409 2178 quod
1423 2107 1442 2146 1⁰

277 2225 335 2270 nec
358 2208 395 2270 tu
418 2225 526 2290 negas,
554 2207 651 2270 frater
676 2206 894 2284 Parmenione,
923 2204 997 2286 quia
1023 2205 1056 2268 in
1084 2203 1239 2288 principio
1267 2205 1408 2267 tractatus

277 2312 326 2376 tui
344 2313 460 2403 multa
493 2315 600 2379 contra
632 2332 691 2378 uos
723 2332 779 2396 pro
813 2312 915 2391 nobis,
949 2330 1030 2393 quaa
1060 2313 1135 2376 sunt
1163 2314 1281 2388 nostra,
1306 2307 1408 2372 dixisti.

314 2519 503 2576 INCIPIVN'I'
519 2519 697 2575 CAPITVLA
710 2520 810 2575 LIBRI
825 2519 953 2588 QVINTI
967 2520 1067 2588 (rubr.)
1082 2520 1110 2575 R
1123 2520 1179 2588 fot.
1198 2522 1237 2572 42
1249 2520 1270 2584 ¹³,
1284 2519 1410 2588 Incipiunt

280 2607 401 2678 capitula
415 2607 478 2661 libri
492 2607 581 2678 quinti
592 2609 620 2661 B
633 2609 683 2682 sot.
700 2609 763 2661 42¹³
779 2610 802 2672 1,
817 2608 919 2678 Incipit
932 2607 1065 2678 praefatio
1080 2609 1109 2661 in
1125 2606 1257 2674 Quintum
1269 2609 1374 2662 Librum
1389 2607 1410 2660 G

278 2696 327 2764 sol.
350 2699 426 2763 42²5
450 2696 559 2750 adducat
576 2695 698 2751 RBGod
721 2693 787 2750 libr-i
808 2697 833 2750 V
852 2701 1046 2766 acquirentem,
1071 2695 1145 2764 qaod
1168 2701 1258 2750 exstat
1280 2697 1309 2748 ia
1325 2695 1350 2748 P
1365 2695 1409 2762 fot.

279 2789 340 2841 243
366 2786 430 2839 :In
453 2786 504 2840 hoc
528 2785 623 2855 quinto
647 2784 775 2855 (Quintus
796 2785 893 2854 [roda]
916 2784 968 2838 hoc
991 2785 1085 2854 quinto
1104 2785 1142 2852 P)
1165 2783 1236 2838 libro
1260 2783 1357 2854 (libello
1380 2783 1409 2848 G)

279 2875 433 2930 ostenditur
451 2873 514 2944 quia
535 2872 592 2943 (qui
610 2890 634 2937 v,
655 2871 720 2941 quid
738 2873 756 2926 i.
776 2890 826 2942 mp.
849 2873 949 2942 Oocdt.)
969 2873 998 2926 in
1021 2873 1186 2943 baptismate
1209 2873 1331 2927 homines
1354 2889 1410 2941 ope·

279 2967 373 3018 rantur
392 2966 421 3016 et
440 2963 504 3033 quia
523 2962 589 3016 dens
607 2962 684 3016 lauat
703 2965 731 3016 ct
746 2960 868 3016 Christus
888 2963 945 3016 eins
966 2961 1013 3016 dat
1032 2961 1104 3032 qnod
1122 2963 1151 3015 in
1168 2962 1333 3032 baptismate
1351 2961 1411 3014 acci-

279 3053 354 3122 pitur
372 3051 521 3120 (accepitur
539 3051 576 3117 P)
597 3055 625 3104 et
644 3051 708 3121 quia
725 3051 889 3120 rebaptisati
907 3068 1021 3122 regnum
1040 3051 1083 3106 dei
1102 3051 1240 3122 possidere
1260 3056 1321 3119 (cm.
1338 3051 1410 3116 RBo)

279 3159 334 3195 non
358 3143 472 3210 possunt
495 3138 686 3211 (possidebunt
703 3140 785 3208 RBo)
810 3143 838 3193 et
862 3141 926 3210 quia
949 3139 1125 3209 perdiderunt
1148 3144 1254 3195 uestem
1273 3139 1411 3210 nuptialem

281 3232 321 3300 (et
339 3229 403 3299 qnia
420 3228 525 3299 perdid.
544 3245 570 3282 u.
589 3231 666 3296 nupt.
686 3244 738 3282 om.
750 3229 859 3297 PRBo)
942 3227 1079 3282 INCIPIT
1092 3229 1201 3282 LIBRR
1217 3228 1371 3297 QVINTVS
1382 3228 1412 3294 R,

279 3318 380 3388 Inprit
397 3316 467 3371 liber
486 3316 597 3387 quintus
616 3317 651 3379 B,
672 3315 801 3388 Explicit!
822 3317 923 3387 Incipit
945 3317 1015 3371 liber
1033 3316 1150 3382 Quintus
1170 3319 1263 3372 Sancti
1284 3318 1374 3389 Optati
1393 3316 1413 3370 G

279 3408 296 3460 2
316 3406 473 3474 traditores]
492 3403 563 3459 Nam
583 3407 612 3457 et
628 3405 781 3473 (atrumque
799 3421 849 3458 om.
865 3405 891 3461 bt
912 3406 958 3475 qui
977 3405 1087 3460 fuerunt
1107 3405 1220 3472 (duerInt
1234 3407 1261 3472 b)
1280 3407 1414 3462 traditores

280 3498 309 3549 et
329 3499 452 3549 auctores
473 3494 534 3563 (om.
554 3493 625 3563 legis
645 3494 692 3563 qni
710 3493 740 3559 f.)
760 3492 856 3556 RBvb,
875 3509 946 3562 quac
963 3494 1050 3548 certa
1069 3525 1103 3533 -
1122 3493 1173 3548 hoc
1195 3495 1257 3549 loco
1283 3495 1414 3550 dicendum

281 3588 324 3637 est
343 3585 382 3638 ad
400 3589 590 3652 aspernantem
607 3582 767 3650 referuntur
785 3581 844 3635 irco
862 3582 905 3635 ito
922 3589 955 3636 ut
971 3583 1091 3652 decipiat
1110 3584 1155 3637 tib.
1175 3583 1213 3637 V:
1230 3585 1340 3655 Inquiro
1359 3589 1414 3652 (pro

280 3673 309 3725 in
329 3688 381 3741 qua
399 3671 440 3741 re)
464 3688 532 3740 quae
551 3687 622 3725 nunc
645 3671 736 3740 agItur
752 3688 781 3748 ,op
808 3670 857 3724 sed
877 3669 997 3725 ancub.
1022 3688 1052 3726 eo
1070 3672 1197 3740 iapmmia
1215 3680 1334 3727 uexatur
1351 3672 1416 3742 quod

280 3761 363 3814 liuius
383 3760 447 3813 libri
463 3760 545 3813 initio
559 3759 647 3828 primi
663 3760 776 3813 remundi
794 3759 869 3814 tertii
888 3759 952 3813 libri
964 3761 997 3827 fit
1009 3761 1120 3828 mentio,
1131 3761 1223 3830 quiriti
1240 3763 1416 3816 adnuntiatur

282 3854 478 3918 orpumerrtum,
501 3855 617 3917 quartus
634 3865 751 3916 prorsus
769 3849 925 3918 carptim,
945 3849 1006 3903 libr.
1030 3849 1055 3904 V
1073 3847 1222 3904 ordieatam
1239 3851 1316 3918 facit
1335 3849 1416 3904 uatis

281 3937 341 3992 uer.
365 3937 441 3991 IIII
460 3937 667 3992 claudentibus:
690 3936 839 3991 Probatnm
863 3942 906 3991 est
930 3938 1181 4009 ergo-peccatoris
1206 3944 1232 3992 et
1255 3939 1335 3993 addit
1354 3938 1415 3991 libro

282 4029 386 4096 quarto.
401 4027 460 4080 Iam
475 4029 503 4080 et
517 4027 563 4096 qui
578 4024 681 4081 fuerint
693 4025 841 4080 traditores
854 4043 893 4096 sq.
943 4028 1003 4080 det
1017 4044 1109 4081 ueram
1125 4027 1168 4082 Gb
1214 4029 1342 4099 haspera
1353 4028 1416 4082 RBo

282 4115 297 4166 7
317 4114 418 4169 iudicio
438 4116 481 4169 Bo
563 4114 580 4168 8
600 4117 641 4168 est
660 4132 711 4168 om.
731 4115 759 4167 B
831 4115 860 4168 in
881 4132 935 4186 qua
954 4117 994 4185 re]
1013 4117 1118 4188 inquIrs
1137 4109 1161 4172 o'
1236 4118 1270 4172 10
1288 4117 1377 4172 iterari
1395 4114 1417 4169 G

282 4220 341 4258 asse
360 4203 514 4258 faciendum
534 4221 585 4258 ono.
603 4204 693 4258 RBob
768 4205 799 4258 ll
821 4205 896 4275 quia]
916 4204 962 4274 qui
984 4204 1010 4260 G
1098 4207 1127 4260 in
1154 4223 1205 4260 om.
1228 4206 1254 4260 G
1327 4206 1358 4259 12
1375 4221 1416 4276 pro

281 4292 358 4346 uobis
377 4293 433 4348 RB
