3148 5020
671 1303 917 1436 Praefatio.

266 1531 338 1596 Non
360 1549 429 1596 raro
454 1533 650 1614 querendum
668 1523 723 1597 'est
746 1533 1094 1613 praestantissimorum
1117 1533 1260 1599 uirorum
1282 1535 1367 1600 uitas

222 1639 330 1704 densis
352 1640 451 1704 latere
477 1639 686 1704 circumfusas
709 1639 859 1714 tenebris,
884 1639 930 1703 ita
952 1643 990 1704 ut
1012 1640 1064 1703 uir
1087 1641 1251 1705 nominum
1274 1641 1367 1706 habe-

220 1764 326 1810 remus
351 1746 574 1830 cognitionem,
599 1745 662 1810 nisi
683 1746 837 1810 librorum
856 1746 1051 1811 monimenta
1068 1747 1271 1829 iniquitatem
1289 1751 1368 1813 tem.-

189 1844 193 1850 ’
220 1872 334 1936 porum
356 1853 562 1917 hominumue
586 1852 782 1936 effugissent.
807 1855 902 1934 atque
922 1850 1059 1917 similem
1079 1857 1198 1917 sortem
1215 1855 1369 1919 memoria

222 1958 332 2041 Optati
356 1959 498 2042 episcopi
520 1957 701 2024 Mileuitani
726 1961 775 2022 est
798 1959 978 2035 consecuta,
999 1959 1037 2023 de
1061 1978 1123 2040 quo
1146 1979 1247 2041 neque
1266 1961 1369 2025 multa

222 2085 324 2148 neque
339 2066 433 2130 certis
451 2065 645 2130 testimoniis
665 2064 868 2148 comprobata
886 2065 1064 2143 traduntur,
1084 2084 1276 2149 quamquam
1294 2067 1368 2132 fidei

222 2172 396 2237 catholicae
410 2174 626 2256 propugnator
639 2173 706 2234 tam
721 2171 930 2255 grauissimus
949 2190 1042 2253 quam
1062 2173 1232 2237 acerrimus
1250 2173 1367 2237 iterum

219 2278 399 2361 iterumque
419 2297 437 2342 a
455 2279 589 2343 summis
609 2277 761 2342 ecelesiae
782 2278 955 2342 catholicae
980 2277 1162 2343 dootoribus
1185 2279 1366 2363 Augustino

221 2385 414 2468 Hieronymo
438 2385 573 2466 aliisque
596 2385 690 2468 longe
713 2383 915 2448 inferioribus
937 2384 1087 2448 laudatur
1105 2387 1138 2449 et
1156 2385 1367 2451 contentionis

221 2493 310 2556 illius
339 2512 357 2556 a
384 2491 562 2557 Donatistis
597 2493 683 2556 ortae
716 2492 927 2572 spectatorem
960 2490 1089 2556 minime
1123 2491 1262 2556 otiosum
1295 2512 1366 2558 sese

221 2599 377 2681 praebuit.
411 2600 590 2681 eomplures
613 2597 713 2661 fuisse
737 2595 872 2678 Optatos
895 2596 928 2660 in
955 2595 1064 2662 Africa
1090 2599 1144 2662 uel
1171 2599 1274 2664 saneti
1301 2600 1367 2681 epi-

223 2705 312 2786 seopi
334 2706 482 2786 aequales
506 2706 559 2768 uel
579 2703 616 2768 ab
637 2704 706 2767 eius
725 2705 830 2767 aetate
850 2703 993 2767 diuersos
1013 2705 1151 2768 constat:
1177 2705 1368 2787 quinetiam

222 2810 332 2894 Optati
355 2801 522 2876 cuiusdam
546 2809 727 2874 Mileuitani
754 2808 948 2886 memoriam,
973 2810 1029 2892 qui
1054 2811 1202 2874 militiam
1231 2813 1367 2894 eapessi-

221 2919 322 2995 uerat,
347 2919 459 3002 eippus
484 2917 523 2982 ad
546 2917 624 2981 haee
643 2919 787 2999 tempora
804 2917 995 3000 propagauit
1011 2917 1043 2980 in
1062 2917 1215 2982 Numidia
1236 2918 1367 2983 inuesti-

221 3026 316 3109 gatus
339 3025 412 3106 (cfr.
441 3022 525 3088 CIL.
549 3024 637 3102 VIII,
665 3025 737 3102 lp.
763 3024 838 3100 365,
862 3043 912 3087 or.
938 3020 1059 3109 3266);
1092 3027 1255 3105 praeterea
1285 3025 1368 3089 inter

221 3131 406 3196 Donatistae
444 3130 588 3196 eiusdem
629 3130 765 3196 nominis
805 3129 958 3212 Optatam
999 3130 1175 3195 latrociniis
1216 3130 1367 3208 infamem

113 3295 116 3300 .
221 3237 409 3321 cognomine
443 3237 670 3303 Gildonianum
702 3235 803 3300 fuisse
836 3255 872 3299 ex
896 3255 921 3300 s.
955 3236 1135 3320 Augustino
1170 3241 1366 3320 compertum

220 3343 374 3408 habemus
402 3345 444 3426 (o.
469 3344 488 3412 i.
516 3343 604 3407 Petit.
629 3343 670 3420 ΙΙ,
696 3344 738 3406 92
763 3346 791 3406 ai
817 3342 969 3426 sospitis).
994 3343 1108 3425 quodsi
1130 3345 1237 3427 plures
1260 3345 1367 3410 Africa

219 3449 398 3530 procreauit
421 3449 565 3532 Optatos,
590 3449 675 3514 haud
699 3450 765 3514 seio
790 3468 828 3512 an
852 3449 934 3513 hano
957 3449 997 3514 ob
1020 3469 1088 3514 rem
1112 3450 1150 3515 de
1173 3451 1241 3514 uita
1270 3451 1366 3515 unius

219 3555 309 3620 illius
333 3557 475 3640 episcopi
493 3556 675 3621 Mileuitani
692 3555 817 3639 pareior
838 3574 964 3618 manare
988 3555 1136 3620 uideatur
1158 3556 1260 3622 famae
1283 3557 1365 3636 fons,

220 3663 406 3746 praesertim
439 3683 512 3728 oum
544 3663 607 3728 iam
638 3661 729 3727 libris
763 3662 830 3726 suis
862 3680 937 3743 prae
966 3663 1079 3727 ceteris
1104 3663 1216 3728 eodem
1239 3664 1365 3729 nomine

220 3769 387 3852 appellatis
424 3770 593 3834 memoriae
631 3768 825 3833 obliuionem
858 3768 996 3852 effugere
1028 3770 1178 3850 potuerit.
1212 3771 1365 3853 quiequid
1380 3749 1456 3842 05ἰῖἒί

220 3875 351 3953 seimus,
380 3876 572 3959 Hieronymo
602 3876 754 3939 debemus
783 3873 917 3958 (denir.
941 3874 986 3937 iii.
1011 3877 1102 3956 110):
1132 3874 1263 3957 Optatos
1285 3877 1366 3958 Afer

219 3982 381 4062 episcopos
409 3981 618 4046 Miieaiioaos
646 4001 683 4044 eoo
704 3985 798 4061 porte
821 3980 969 4044 catholiea
990 3983 1116 4062 scripsit
1146 3981 1364 4048 Ueientiaiaoo

219 4092 250 4151 et
277 4085 402 4152 Ueiente
424 4087 621 4169 praecepitur
648 4088 799 4152 aduersas
822 4085 1024 4151 Donatioaoe
1045 4090 1153 4168 pariis
1175 4089 1364 4154 columniam

218 4193 313 4258 libros
335 4216 398 4276 sex,
418 4197 453 4259 ia
471 4196 582 4276 quibos
604 4197 717 4260 usserit
738 4196 855 4258 emmau
872 4193 1127 4260 Doaotioooruoa
1149 4198 1185 4261 ia
1207 4217 1265 4261 nos
1285 4198 1365 4278 falso

217 4303 398 4382 retorqueri.
414 4322 552 4385 quocum
572 4303 710 4368 ooneinit
723 4303 884 4368 Honorius
902 4301 1202 4387 augustodunensis
1218 4303 1254 4388 (Ι,
1271 4304 1362 4390 111);

223 4405 357 4488 Optatus
379 4407 460 4489 Aser
484 4407 694 4473 Miieuitoaas
716 4410 875 4491 episcopos
897 4408 953 4472 aab
979 4407 1103 4474 [salama
1124 4411 1250 4490 scripsit
1272 4409 1364 4474 libros
