3064 5010
531 403 650 456 Liber
679 407 821 459 sextus.
852 421 874 455 c.
906 405 927 455 1.
1240 408 1303 472 145

152 617 234 661 noua
268 603 300 662 et
332 600 433 662 stulta
465 599 620 682 sapientia
656 599 832 663 nouitatem
870 618 1018 681 quaerere
1054 600 1086 662 in
1125 599 1302 665 uisceribus

151 705 325 768 uetustatis
359 709 391 768 et
418 709 539 770 remota
567 706 657 787 quasi
685 706 820 788 quadam
850 708 988 790 eorporis
1018 711 1089 771 oute
1122 708 1154 770 in
1189 707 1303 772 latenti

152 831 281 894 corpore
310 815 414 875 eutem
444 813 535 894 quasi
563 814 693 876 alteram
722 815 889 895 quaerere!
916 813 1044 880 donum.
1075 813 1159 895 quod
1196 813 1235 876 ad
1268 821 1301 878 s'e

151 919 290 1001 pertinet
309 920 389 982 etin
410 939 443 983 se
462 921 566 983 totum
591 923 649 997 est,
674 920 759 1002 quod
781 940 881 983 unum
906 924 964 986 est,
988 920 1060 983 inde
1085 939 1157 984 oum
1182 919 1302 1003 aliquid

129 1026 250 1089 afuerit
283 1027 433 1092 ablatum.
467 1027 568 1089 minui
600 1031 716 1109 potest.
750 1047 810 1091 non
844 1030 949 1110 potest
987 1027 1147 1092 inmutari.
1194 1029 1302 1092 rasisti

153 1135 310 1215 equidem,
336 1133 421 1215 quod
444 1133 503 1197 tibi
526 1135 633 1197 uisum
657 1139 720 1208 est;
747 1134 803 1198 sed
823 1134 927 1198 adhue
946 1135 990 1198 ibi
1011 1137 1069 1198 est.
1090 1134 1174 1215 qnod
1195 1134 1300 1200 odisti.

152 1241 249 1323 quid?
278 1241 393 1322 quodsi
417 1241 463 1305 sie
487 1242 686 1316 coniurastis,
716 1245 752 1304 ut
781 1261 859 1322 quae
884 1241 1016 1306 anobis
1040 1242 1072 1304 in
1096 1241 1221 1305 nomine
1251 1242 1301 1306 dei

152 1348 183 1410 in
220 1348 290 1431 ipso
328 1347 505 1411 ministerio
543 1351 630 1410 taeta
668 1351 752 1412 sunt.
790 1348 942 1411 inmunda
984 1347 1187 1412 uiderentur?
1230 1351 1300 1431 quis

152 1454 293 1517 fidelium
321 1455 425 1518 nescit
452 1455 484 1517 in
512 1455 698 1538 peragendis
727 1455 889 1537 mysteriis
913 1455 983 1537 ipsa
1005 1455 1093 1536 ligna
1116 1456 1300 1521 linteamine

112 1581 134 1618 10
153 1563 325 1644 cooperiri?
358 1562 442 1625 inter
473 1563 542 1643 ipsa
576 1569 773 1626 sacramenta
805 1563 949 1625 uelamen
983 1561 1088 1644 potnit
1114 1562 1213 1646 tangi,
1238 1582 1298 1628 non

151 1670 288 1752 lignum:
319 1672 374 1730 aut
402 1669 430 1732 si
457 1671 546 1730 taetu
573 1671 709 1751 possunt
731 1668 889 1750 penetrari
912 1668 1081 1744 uelamina,
1107 1687 1180 1752 ergo
1204 1689 1299 1752 pene-

151 1779 275 1838 trantur
307 1779 339 1839 et
371 1775 470 1858 ligna3
505 1775 532 1838 si
564 1774 721 1857 penetrari
753 1777 889 1856 possunt
920 1775 1015 1858 ligna,
1049 1778 1231 1858 penetratur
1268 1780 1300 1840 et

151 1887 248 1957 terra;
273 1882 301 1946 si
324 1901 341 1944 a
364 1882 456 1946 uobis
489 1881 613 1964 lignum
645 1881 775 1946 raditur.
810 1887 841 1944 et
873 1885 965 1959 terra,
991 1900 1070 1964 qnae
1100 1882 1210 1946 subter
1239 1887 1297 1961 est,

152 1989 298 2054 fodiatur.
338 1991 434 2051 altam
473 1988 568 2052 facite
607 1989 761 2055 scrobem.
804 1988 881 2051 dum
922 2006 977 2070 pro
1020 1992 1127 2052 uestro
1170 1988 1297 2054 arbitrio

113 2117 135 2154 ιι
153 2096 303 2176 quaeritis
327 2096 509 2178 puritatem.
548 2095 605 2159 sed
629 2096 807 2168 obseruate,
836 2115 874 2158 ne
898 2095 1036 2158 ueniatis
1062 2095 1100 2157 ad
1124 2095 1241 2159 inferos
1266 2100 1298 2159 et

150 2203 216 2266 illie
239 2202 409 2265 inuenietis
434 2202 523 2269 Cone,
549 2201 674 2266 Datban
700 2205 731 2266 et
754 2202 871 2266 Abiron
897 2202 1107 2268 scismaticos.
1127 2203 1296 2288 magistros

81 2371 84 2378 .
150 2309 272 2373 seilicet
294 2312 431 2374 uestros.
457 2329 530 2392 ergo
552 2312 583 2372 et
601 2309 735 2392 fregisse
754 2329 812 2373 uos
833 2312 865 2372 et
888 2309 1003 2373 rasisse
1028 2313 1153 2374 constat
1176 2311 1296 2373 altaria.

151 2415 224 2496 quid
249 2420 308 2494 est,
334 2416 417 2497 quod
440 2416 472 2478 in
496 2416 555 2480 bae
573 2435 606 2479 re
631 2416 764 2480 subinde
788 2420 895 2479 uester
919 2416 1009 2498 quasi
1032 2416 1181 2499 languere
1205 2417 1296 2481 nisus

151 2527 198 2586 est
229 2523 336 2587 furor?
369 2523 517 2588 uidemus
551 2524 634 2587 enim
668 2543 727 2588 uos
756 2527 867 2605 postea
894 2527 1037 2587 mutasse
1067 2523 1236 2587 eonsilium
1265 2525 1297 2587 et

109 2649 133 2687 ιο
152 2631 261 2692 altaria
290 2650 307 2692 a
335 2631 428 2695 uobis
461 2631 522 2693 iam
556 2649 618 2694 non
650 2630 752 2712 frangi
785 2649 843 2693 neo
876 2630 952 2696 radi.
987 2630 1043 2693 sed
1075 2630 1295 2694 tantummodo

149 2738 312 2802 remoueri.
348 2739 375 2801 si
406 2738 467 2802 hoe
500 2737 688 2813 sufficiebat,
713 2738 779 2809 illa,
814 2757 893 2819 quae
925 2738 1013 2820 prius
1043 2757 1061 2799 a
1088 2737 1180 2800 uobis
1212 2737 1295 2800 faeta

151 2847 232 2908 sunt.
257 2849 289 2908 et
313 2864 371 2909 uos
395 2845 554 2920 indicatis,
579 2844 653 2926 quia
676 2843 743 2907 fieri
767 2843 897 2907 minime
922 2844 1106 2908 debuerunt.

237 3036 270 3088 16
291 3035 337 3088 cfr.
356 3035 437 3090 Num.
459 3038 491 3090 16

183 3141 377 3210 2uetustatis]
396 3145 523 3197 maiestat
481 3144 583 3197 tatisb
694 3147 755 3196 cute
778 3143 939 3210 (eiuras)
959 3143 993 3199 R,
1015 3145 1103 3194 ouem
1125 3149 1160 3208 (m
1181 3156 1239 3243 exp
1258 3156 1292 3192 m.

148 3256 217 3322 1)0
288 3257 391 3311 latente
411 3259 469 3314 edd
527 3259 687 3327 dalteram]
707 3258 800 3312 adt
760 3259 874 3312 lateram
892 3258 919 3310 Β
979 3257 1062 3309 donet
1080 3256 1116 3312 R
1137 3255 1206 3308 dono
1237 3258 1292 3321 (um

148 3363 167 3398 s.
187 3346 203 3398 l.
223 3363 256 3399 m.
277 3347 354 3411 1)C‚
375 3346 519 3401 doneeBo
539 3348 684 3413 (donum-
688 3365 771 3401 unum
793 3353 834 3401 est
854 3365 904 3401 om.
918 3347 945 3410 b)
1038 3344 1124 3409 addq
1144 3361 1172 3396 se
1192 3343 1293 3411 (sie)R

148 3434 252 3488 4unde
275 3436 373 3500 BBnb,
398 3435 460 3489 inde
487 3437 506 3502 (i
529 3437 560 3489 iro
582 3439 650 3502 ras.)
680 3437 702 3491 0
755 3457 771 3491 o
795 3437 895 3491 mutari
918 3453 971 3488 non
996 3437 1088 3503 potest
1106 3433 1187 3491 RBb,
1207 3447 1292 3485 onae

149 3551 162 3602 7
186 3549 257 3618 quod
281 3551 333 3604 hoe
357 3552 380 3603 si
404 3551 459 3606 RB
568 3553 591 3605 si
615 3569 665 3606 om.
695 3553 745 3608 (JG
837 3553 869 3605 10
894 3518 1007 3622 obperiri
1033 3555 1058 3616 (o
1081 3566 1102 3602 s.
1128 3549 1144 3601 l.
1165 3565 1198 3599 nr.
1218 3551 1243 3611 1)
1263 3546 1291 3601 R

148 3666 223 3734 tangi
243 3667 334 3735 potuit
355 3667 380 3720 G
473 3668 503 3720 11
525 3627 584 3721 ainsi
604 3673 626 3735 [t
644 3685 665 3720 s.
687 3669 704 3721 l.
723 3687 756 3721 m.
777 3674 801 3735 1)
826 3668 848 3721 Ο
928 3669 1030 3720 tactum
1051 3666 1136 3730 (tactu
1156 3662 1184 3765 pp
1202 3662 1291 3731 possit

146 3782 279 3847 penetrari
298 3782 422 3834 uelamen
432 3783 465 3836 ob
520 3787 661 3853 penetrare
683 3785 707 3845 (e
727 3785 775 3850 fin.
790 3781 965 3852 perdocent*
1006 3781 1037 3832 15
1059 3779 1165 3848 quesita
1201 3777 1248 3836 rtis
1267 3793 1288 3830 s.

148 3869 163 3920 l.
181 3887 214 3921 m.
233 3875 258 3937 1)
274 3870 302 3922 Β
375 3871 422 3924 sed
437 3871 551 3925 obserua
565 3877 592 3925 te
606 3865 639 3925 n'e
653 3889 669 3925 o
683 3873 803 3940 (obsecro
817 3889 850 3924 ne
867 3870 968 3933 Coebl.)
1028 3870 1060 3921 16
1074 3867 1220 3920 inuenietis
1233 3865 1289 3920 RB

147 3983 240 4037 choreb
250 3985 314 4049 RB,
327 4004 400 4040 eones
410 4004 426 4040 v
436 3990 514 4056 (corr.
530 3987 630 4057 Caedi.)
676 3987 777 4040 dathan
788 3987 873 4042 Chore
885 3944 955 4051 (chore
970 4001 1003 4037 oo.
1018 3987 1037 4036 2
1050 3982 1081 4048 C)
1097 3985 1125 4034 et
1138 3981 1171 4034 ab
1184 4022 1189 4034 .
1201 4022 1223 4032 ..
1238 3980 1288 4033 OG

146 4072 244 4141 abyron
254 4074 327 4128 BGv
371 4076 542 4146 18subinde]
555 4077 659 4130 subiato
671 4078 705 4138 R,
722 4077 811 4130 subito
823 4077 881 4128 Bob
921 4075 953 4126 19
969 4073 1085 4125 uidimus
1095 4070 1150 4125 RB
1187 4070 1220 4121 20
1234 4069 1288 4121 iam

146 4177 193 4216 om,
211 4162 260 4216 OG
334 4165 380 4218 sed
399 4166 458 4220 radi
479 4170 539 4230 (om.
561 4166 608 4218 sed
622 4171 687 4234 post
705 4167 774 4232 radi)
790 4164 877 4221 RBob
933 4163 965 4215 21
987 4165 1034 4216 aut
1053 4160 1184 4212 remoueri
1199 4157 1286 4212 RBob

147 4250 191 4302 illa
211 4255 236 4306 (a
256 4269 325 4307 corr.
346 4271 378 4308 eor
397 4258 421 4322 e)
443 4257 489 4325 qui
507 4257 534 4308 B
607 4272 622 4307 a
641 4256 719 4308 uobis
739 4272 789 4308 om.
806 4254 893 4309 RBeb
949 4252 984 4303 22
1002 4267 1050 4303 uos
1072 4249 1211 4316 (hospes.)
1232 4245 1287 4299 RB

148 4356 175 4392 ex
192 4341 233 4394 his
253 4342 380 4396 indicatis
401 4345 487 4412 (sicia
570 4349 596 4398 et
610 4362 658 4398 nos
674 4361 723 4397 om.
735 4345 766 4398 rb
836 4343 987 4396 debuerunt
1002 4358 1017 4392 a
1032 4339 1108 4392 uobis
1118 4337 1206 4391 RBvb

193 4466 274 4506 xrvr.
1180 4443 1212 4496 10
