3148 5020
534 384 651 440 Liber
675 385 830 454 primus,
856 401 878 440 c.
898 383 1012 440 20-21.
1303 388 1346 452 23

190 603 254 646 uos
278 581 467 645 iamdudum
491 579 606 644 fecisse
632 582 664 644 et
688 599 771 644 nuuc
794 578 897 643 facere
921 579 1103 646 uideamiui.
1127 580 1176 643 illi
1194 583 1347 664 ruperunt

192 690 263 753 suis
288 689 487 770 temporibus
511 705 632 770 pacem,
657 705 717 751 uos
742 687 958 750 exterminatis
983 686 1149 752 unitatem.
1176 687 1213 751 de
1237 707 1345 770 pareu-

190 795 285 860 tibus
306 795 423 859 uestris
445 797 477 858 et
496 794 535 858 de
554 793 648 860 uobis
668 793 782 859 merito
802 793 865 857 dici
883 796 1009 875 potest:
1035 812 1170 858 caecus
1195 813 1345 858 caecum

194 903 230 968 si
264 903 429 978 durarit,
463 901 617 982 utrique
649 901 688 964 iu
721 900 870 964 foueam
899 897 1047 964 cadunt.
1081 900 1192 964 oculos
1220 904 1345 983 patrum

159 1032 173 1070 a
191 1013 378 1076 uestrorum
393 1008 534 1073 furiosus
550 1010 774 1071 excaecauerat
786 1007 881 1084 liuor,
892 1007 1063 1071 aemulatio
1075 1009 1200 1072 uestros
1211 1007 1345 1072 orbauit.

192 1117 315 1180 scisma
339 1132 502 1180 summum
525 1113 647 1176 malum
672 1131 743 1177 esse
767 1115 799 1176 et
822 1131 881 1176 uos
906 1131 1020 1196 negare
1040 1113 1169 1178 minime
1188 1113 1344 1196 poteritis.

192 1225 228 1286 et
246 1224 355 1285 tamen
370 1221 495 1284 Dathau
516 1222 550 1283 et
562 1219 682 1283 Abiron
702 1221 735 1283 et
749 1218 839 1296 Cora,
857 1219 999 1302 perditos
1017 1219 1189 1303 magistros
1208 1224 1345 1300 uestros,

192 1329 263 1393 sine
288 1327 500 1411 trepidatione
526 1325 603 1391 estis
622 1325 742 1389 imitati
760 1345 818 1390 uec
836 1345 952 1409 ponere
972 1329 1044 1390 ante
1064 1327 1175 1392 oculos
1194 1328 1345 1394 uoluistis
1386 1313 1388 1316 ⁵

190 1437 256 1500 hoc
280 1437 402 1499 malum
427 1437 459 1498 et
482 1432 589 1498 uerbis
614 1433 665 1498 dei
694 1451 764 1497 esse
792 1433 989 1516 prohibitum
1018 1436 1050 1498 et
1077 1433 1254 1500 admissum
1277 1455 1345 1520 gra-

137 1570 168 1607 10
190 1544 279 1608 uiter
318 1542 530 1607 uindicatum.
574 1539 687 1605 deiude
726 1558 796 1604 esse
839 1539 1024 1604 distantiam
1062 1541 1252 1606 delictorum
1291 1546 1346 1608 aut

190 1650 343 1714 remissio
371 1651 510 1713 testatur
538 1651 594 1711 aut
621 1665 733 1730 poena.
768 1647 904 1728 denique
932 1647 1015 1711 inter
1043 1651 1147 1713 cetera
1178 1653 1366 1732 praecepta·

192 1757 294 1820 etiam
319 1757 397 1820 haec
421 1755 483 1819 tria
504 1754 740 1829 iussiodiuina
762 1754 945 1836 prohibuit:
978 1774 1048 1818 uon
1078 1755 1244 1833 occides,
1273 1777 1344 1821 non

190 1864 269 1927 ibis
294 1867 381 1947 post
405 1863 494 1928 deos
520 1862 677 1938 alienos,
704 1862 791 1925 etin
817 1861 975 1944 capitibus
998 1862 1238 1928 mandatorum:
1273 1884 1344 1928 non

190 1969 315 2034 facies
349 1971 500 2035 scisma.
542 1969 711 2034 uideamus
749 1969 787 2032 de
819 1969 870 2033 his
903 1968 1021 2045 tribus,
1061 1969 1137 2050 quid
1170 1970 1345 2051 oportuerit

136 2102 165 2139 15
190 2076 302 2158 puniri
329 2079 362 2151 et
390 2075 468 2158 quid
495 2075 646 2139 meruerit
673 2076 814 2142 relaxari.
853 2076 1059 2160 parricidium
1090 2076 1263 2159 principale
1292 2076 1344 2142 de·

188 2183 308 2246 lictum
342 2185 409 2257 est3
445 2185 477 2246 et
509 2185 616 2247 tamen
647 2181 723 2247 Cain
756 2202 814 2247 uec
846 2203 919 2247 rous
953 2202 971 2245 a
998 2183 1056 2247 deo
1084 2183 1261 2266 percutitur
1288 2183 1344 2248 sed

192 2289 322 2354 occisus
345 2290 477 2372 insuper
499 2289 692 2354 uindicatur.
716 2289 749 2353 iu
772 2289 889 2354 Niniue
910 2289 1044 2354 ciuitate
1067 2290 1232 2355 homiuum
1255 2291 1343 2354 milia

191 2399 324 2459 centum
348 2395 465 2479 uiginti
489 2397 654 2480 sacrilega,
680 2416 760 2478 quac
780 2397 856 2461 deos
876 2396 996 2461 alienos
1016 2396 1107 2478 sequi
1126 2396 1343 2464 uidebantur.

189 2505 267 2584 post
299 2502 494 2568 iracundiam
528 2503 579 2569 dei
612 2506 644 2568 et
676 2504 825 2567 nuntium
857 2505 952 2569 Ionae
983 2504 1155 2586 prophetae
1187 2504 1343 2569 ieiunium

136 2633 168 2672 20
190 2609 285 2691 parui
309 2610 462 2694 temporis
487 2613 520 2674 et
548 2610 647 2675 oratio
676 2610 908 2697 indulgentiam
936 2610 1063 2674 meruit.
1097 2610 1275 2689 uideamus
1305 2631 1369 2692 an

190 2715 314 2796 aliquid
338 2717 403 2780 tale
428 2717 593 2781 consecuti
617 2719 693 2782 sunt
715 2717 759 2795 hi,
784 2717 839 2799 qui
861 2718 998 2801 populos
1023 2716 1075 2780 dei
1096 2717 1244 2799 primitus
1273 2719 1343 2782 ausi

189 2827 269 2886 sunt
293 2822 448 2886 scindere.
483 2826 533 2887 tot
560 2823 692 2888 milibus
720 2823 858 2889 filiorum
883 2823 1014 2900 Israhel,
1044 2844 1178 2906 quorum
1202 2843 1220 2888 a
1244 2827 1343 2890 cerui·

279 3014 296 3065 3
315 3012 412 3066 Matth.
436 3015 477 3076 15,
499 3015 539 3067 14.
559 3015 623 3068 Luc.
644 3015 668 3068 6.
690 3015 723 3068 39
781 3014 915 3070 1111111,
937 3014 979 3078 20,
1001 3015 1034 3068 13
1054 3017 1082 3067 11
1101 3016 1126 3070 3.
1141 3015 1253 3069 Deuter.
1267 3019 1293 3082 b’,
1308 3019 1342 3069 14

189 3102 222 3154 13
243 3101 291 3154 cfr.
311 3101 332 3154 Ι.
353 3100 413 3156 Cor.
436 3104 459 3165 1,
480 3104 514 3156 10
570 3103 602 3155 17
624 3103 669 3156 111.
691 3102 787 3157 (lenes.
808 3105 832 3158 4.
855 3105 888 3156 15
945 3105 977 3157 19
998 3103 1043 3157 cfr.
1063 3104 1153 3157 Ion.3

225 3244 237 3293 1
259 3208 390 3312 ruperant
408 3243 436 3295 B
454 3259 487 3297 111.
507 3247 527 3296 2
612 3244 628 3296 2
648 3244 847 3297 exterminastis
866 3245 922 3297 PG
1006 3246 1022 3296 3
1042 3244 1144 3298 dictum
1164 3249 1206 3299 est
1224 3248 1269 3300 uel
1289 3247 1342 3301 dici

186 3332 281 3399 potest
302 3331 328 3384 G
382 3334 400 3384 4
419 3333 442 3384 si
462 3332 586 3386 duxerit.
604 3332 633 3402 .]
653 3333 753 3386 ducens
772 3335 886 3402 uterque
901 3375 906 3387 .
923 3375 929 3386 .
946 3377 951 3386 .
966 3333 1066 3386 cadunt
1084 3334 1112 3386 P
1182 3337 1297 3404 uterque
1312 3380 1317 3389 .
1335 3381 1339 3390 .

186 3419 262 3472 cadit
284 3419 310 3474 G
395 3422 411 3472 5
431 3423 458 3474 et
477 3423 624 3476 aemulatio
643 3422 713 3485 Rob,
734 3424 762 3476 ct
781 3423 912 3476 emulacio
931 3439 964 3476 ue
985 3423 1050 3488 (ac'c)
1069 3423 1097 3474 B
1179 3425 1194 3475 7
1215 3423 1296 3480 datar'r
1315 3427 1343 3479 P

184 3507 289 3580 abyron
307 3508 366 3563 coo
451 3511 545 3565 chorea
557 3510 585 3576 (b
600 3527 668 3564 eras.
682 3511 803 3578 1111111111)
813 3512 849 3574 R,
865 3512 944 3566 chore
958 3511 1047 3565 Boeo
1122 3512 1154 3565 10
1169 3512 1300 3567 distantia
1316 3515 1342 3568 G

185 3597 219 3650 11
251 3597 380 3668 denique]
409 3598 505 3652 deiude
533 3600 561 3652 B
706 3601 738 3652 12
766 3601 833 3654 iussi
861 3601 989 3657 oldiuina
1022 3600 1085 3666 (1111.
1117 3601 1189 3654 inter
1221 3620 1236 3654 0
1268 3609 1293 3656 11
1324 3604 1342 3657 d

183 3703 219 3739 m.
241 3686 324 3752 a)B,
345 3687 438 3741 diuina
459 3689 543 3742 iussio
570 3689 595 3743 G
687 3690 720 3743 13
749 3692 776 3744 11
803 3690 831 3742 in
860 3706 917 3758 cap.
946 3688 1035 3742 mand.
1064 3706 1115 3742 om.
1137 3690 1166 3743 P
1255 3690 1289 3743 14
1308 3692 1341 3746 de

183 3775 220 3827 iis
234 3774 250 3826 b
360 3776 453 3830 trebus
464 3778 493 3830 P
510 3778 563 3844 (aie
575 3779 748 3848 pleramque)
840 3780 962 3848 oportuit
973 3777 1058 3832 RBG
1071 3779 1131 3831 edd.
1224 3780 1258 3833 15
1271 3798 1340 3835 mer·

184 3864 229 3916 uit
246 3863 303 3916 RB
322 3865 381 3917 cdd.
510 3868 544 3920 17
568 3868 679 3938 insuper
701 3885 752 3923 om.
776 3885 792 3920 0
936 3869 1034 3920 nineue
1057 3869 1099 3921 Po
1125 3871 1208 3934 (corr.
1235 3869 1340 3938 Oocbl.)

183 3951 257 4007 lrorn.
288 3969 400 4006 numero
434 3958 502 4010 cent.
536 3956 637 4026 uiginti
667 3957 754 4010 millia
787 3957 918 4026 sacrilega
949 3957 1011 4020 Ro,
1046 3956 1159 4022 (omisso
1191 3958 1280 4026 milia)
1313 3960 1341 4012 B
1414 4029 1415 4032 Ἴ

186 4039 221 4092 18
241 4042 322 4109 quae]
342 4044 388 4110 qui
405 4043 431 4096 G
540 4045 604 4098 deos
630 4049 653 4112 (s
683 4045 906 4110 11111,111.2)·Β
1033 4045 1067 4098 19
1094 4044 1202 4114 profeta
1229 4048 1295 4114 (cic)
1315 4048 1343 4100 P

184 4129 287 4181 ieiunio
323 4147 349 4200 p.
382 4134 465 4202 temp.
499 4135 635 4188 celebrato
667 4134 868 4203 indulgentiam
899 4133 954 4187 PG
1062 4132 1097 4185 20
1125 4139 1284 4188 meruerunt
1314 4136 1340 4190 G

186 4217 233 4284 an]
251 4216 275 4268 si
292 4217 382 4273 RBoo
464 4221 497 4275 21
517 4222 558 4275 hii
575 4223 625 4284 Po,
645 4223 700 4275 iib
774 4224 938 4292 populumo
1013 4221 1339 4277 221111011111111111111

187 4320 248 4356 acer
267 4305 374 4364 uicibus
393 4311 421 4363 B
