3052 5012
295 449 338 512 96
645 444 671 497 S.
701 443 842 512 Optati
869 443 1102 498 Mileuitani

295 644 422 708 constat
445 661 505 707 uos
530 641 616 706 solos
641 639 748 722 aliqua
770 659 894 723 passos,
921 640 996 722 quia
1018 639 1106 704 aliud
1130 643 1180 706 est
1198 643 1325 723 tempus
1347 642 1429 724 pacis,

293 749 380 813 aliud
407 751 536 832 tempus
565 747 808 831 persecutionis,
838 747 866 812 si
894 747 1151 830 persecutionem
1179 747 1312 831 putatis
1339 748 1428 817 dieite.

293 855 370 938 quid
402 855 572 922 uobiscum
604 873 719 936 passae
752 853 817 918 sint
849 855 1018 920 uniuersae
1046 853 1242 938 prouinciae,
1270 855 1303 919 in
1331 855 1428 937 quibus

294 962 431 1028 ecclesia
455 961 612 1027 catholica
635 963 686 1025 est
709 961 911 1026 constituta?
940 961 997 1026 sed
1026 961 1100 1043 qnia
1123 961 1267 1026 uindicta
1289 961 1357 1039 fuit,
1379 981 1429 1027 ron

293 1069 484 1151 persecutio,
509 1069 597 1133 solus
621 1067 726 1150 paries
749 1085 864 1150 passus
889 1070 949 1146 est,
979 1067 1031 1133 cui
1055 1068 1134 1132 deus
1157 1068 1375 1133 interminatus
1391 1072 1458 1132 ests

292 1177 528 1258 tempestatem,
552 1173 697 1257 pluuiam
721 1178 753 1238 et
775 1175 959 1257 petrobolos
984 1177 1016 1238 et
1039 1173 1273 1241 accusationes.
1298 1175 1342 1240 sic
1360 1174 1429 1240 enim

292 1282 422 1346 locutus
443 1283 511 1346 est:
537 1280 627 1363 quid
647 1279 890 1345 aedificastis
910 1281 1081 1346 ruinam?
1101 1279 1192 1363 quid
1211 1280 1428 1346 dealbastis?

294 1388 384 1470 quid
405 1387 586 1454 linistis?
609 1387 678 1452 hoc
702 1390 833 1452 contra
851 1388 1093 1454 uoluntatem
1112 1406 1229 1452 meam
1254 1391 1321 1466 est,
1340 1387 1430 1452 dicit

293 1493 477 1562 dominus.
517 1494 688 1577 displicent
722 1493 815 1558 uobis
853 1496 999 1578 tempora
1034 1493 1142 1559 nescio
1181 1493 1274 1558 cuius
1311 1493 1428 1569 Leontii,

293 1600 428 1676 Ursacii,
461 1601 593 1665 Macarii
625 1604 658 1666 et
690 1603 878 1666 ceterorum.
904 1600 1070 1666 emendate
1104 1601 1305 1665 uoluntatem
1331 1600 1386 1678 dei,
1407 1600 1429 1663 si
1442 1623 1459 1660 o

292 1707 440 1789 potestis,
471 1707 525 1790 qui
554 1707 650 1772 dixit:
680 1716 811 1772 contra
848 1707 1034 1789 parietem
1072 1727 1250 1792 exurgam
1287 1706 1429 1770 cumira

291 1832 372 1878 mea
405 1816 442 1878 et
473 1813 663 1877 inmittam
701 1816 971 1897 tempestatem
1008 1813 1163 1878 nimiam
1200 1817 1238 1878 et
1265 1812 1427 1896 pluuium,

292 1919 445 1984 diluuia
469 1922 506 1985 et
528 1920 682 2003 lapides¹
706 1920 927 2004 petrobolos
957 1923 993 1985 et
1022 1921 1238 2004 percutiam
1261 1919 1428 2003 parietem

292 2026 489 2091 ruinosum
514 2028 551 2090 et
575 2026 842 2091 dissoluantur
866 2026 1096 2111 conpagines
1122 2027 1214 2095 eius.
1241 2026 1297 2091 sed
1315 2045 1350 2091 ne
1369 2025 1427 2108 quis

292 2135 439 2197 uestrum
459 2133 562 2197 dicat:
589 2133 616 2197 si
635 2132 741 2197 unitas
760 2132 880 2197 bonum
900 2135 959 2211 est,
980 2152 1077 2215 quare
1095 2133 1214 2198 totiens
1232 2133 1316 2198 facta
1332 2132 1428 2196 dirrare
1443 2151 1459 2190 u
1507 2209 1508 2224 χ

292 2259 354 2305 uon
381 2239 514 2321 potuit?
545 2239 628 2318 ideo,
658 2238 733 2322 quia
761 2238 808 2304 sic
835 2258 886 2304 res
914 2239 986 2323 ipsa
1009 2259 1028 2304 a
1051 2240 1110 2306 deo
1140 2243 1190 2305 est
1214 2240 1361 2317 ordinata,
1383 2238 1428 2320 qui
1507 2227 1508 2234 '

290 2346 504 2411 comminatus
525 2349 574 2410 est
591 2347 829 2428 tempestatem,
844 2346 1000 2429 pluuium,
1020 2346 1143 2430 lapides
1163 2350 1196 2412 et
1214 2347 1426 2422 accusationes,

292 2455 325 2516 et
355 2452 436 2516 istae
470 2455 619 2535 quattuor
650 2471 701 2516 res
734 2471 797 2517 non
828 2455 977 2535 poterant
1004 2472 1067 2518 uno
1097 2455 1241 2536 tempore
1270 2453 1344 2520 lieri.
1376 2451 1428 2516 fuit

291 2558 393 2640 primo
422 2561 598 2642 tempestas
627 2559 687 2623 sub
719 2558 868 2624 Ursatio:
903 2559 1046 2643 agitatus
1079 2563 1128 2624 est
1156 2559 1272 2643 paries,
1298 2559 1426 2625 sednon
1506 2581 1507 2592 ¹

290 2664 418 2743 cecidit,
445 2685 467 2729 u
511 2664 641 2729 haberet
668 2665 789 2748 pluuia,
818 2665 874 2729 ubi
905 2668 1097 2749 operaretur.
1127 2669 1239 2731 secuta
1263 2669 1312 2732 est
1332 2665 1458 2749 pluuias

292 2771 352 2834 sub
377 2769 550 2854 Gregorio:
575 2770 693 2835 udatus
718 2773 768 2836 est
790 2771 905 2854 paries,
926 2771 982 2836 sed
1002 2792 1064 2837 non
1084 2773 1218 2851 maduit,
1238 2793 1259 2836 u
1292 2773 1427 2836 baberent

292 2877 425 2960 lapides,
448 2878 505 2942 ubi
528 2880 742 2961 operarentur.
766 2880 841 2961 post
863 2879 1007 2961 pluuiarn
1027 2879 1129 2944 secuti
1148 2878 1358 2963 suntlapides
1375 2876 1425 2941 sub

293 2983 443 3064 operariis
471 2983 623 3048 unitatis:
658 2983 821 3066 dispersus
850 2987 900 3048 est
926 2985 1040 3067 paries,
1070 2985 1128 3050 sed
1155 2985 1194 3049 de
1227 2983 1425 3050 fundamentis
1505 2963 1506 3004 ³

295 3087 363 3152 suis
389 3107 422 3152 se
446 3087 563 3152 iterum
586 3089 754 3171 separauit.
778 3089 843 3152 iam
867 3089 927 3153 tria
949 3093 1076 3172 peracta
1095 3092 1189 3158 sunt:
1214 3091 1363 3155 debentur
1377 3105 1426 3150 uo-

382 3279 439 3332 7&
460 3280 491 3332 11
514 3278 559 3332 cfr.
578 3280 625 3334 Er.
645 3279 686 3344 13,
709 3279 742 3333 13

327 3411 468 3513 laliqups
490 3447 568 3510 (corr.
588 3463 622 3498 m.
641 3449 667 3512 1)
686 3444 722 3508 R,
743 3445 848 3514 aliquas
868 3447 927 3516 (sic)
948 3446 975 3497 B
1040 3446 1183 3516 dtempus
1202 3461 1255 3500 om.
1273 3445 1330 3500 Bab
1394 3441 1423 3508 sil
1504 3393 1505 3486 1

290 3533 344 3602 ipsi
366 3533 438 3587 Rev
528 3535 632 3589 3sunt
655 3534 744 3590 RBob
833 3535 862 3588 iu
892 3533 989 3604 quibus
1015 3538 1058 3588 est
1081 3551 1119 3589 ec.
1144 3535 1215 3589 cath.
1240 3529 1423 3588 constituted

289 3623 306 3672 b
326 3624 368 3675 est
392 3627 457 3689 port
474 3623 664 3676 interminatus
683 3622 779 3677 om.G
868 3624 885 3677 6
907 3623 1012 3694 lapides
1033 3622 1137 3693 petrob.
1164 3623 1198 3687 G,
1223 3623 1324 3678 6d13
1344 3623 1421 3691 petro·

292 3710 369 3764 uolos
387 3710 460 3766 RBc
480 3710 541 3779 (cfr.
555 3728 586 3780 p.
599 3712 642 3776 94,
657 3713 702 3772 15)
776 3713 1005 3766 accusationemo
1061 3714 1076 3765 7
1097 3712 1229 3766 edificatis
1247 3712 1290 3766 do
1360 3706 1421 3762 deal·

292 3797 411 3854 batisG
453 3799 585 3870 ,8quid
603 3801 703 3854 linistis
723 3800 822 3854 obed
877 3800 986 3854 lanistis
1004 3800 1037 3855 ob
1098 3804 1140 3854 est
1161 3816 1213 3855 om.
1238 3800 1264 3854 G
1317 3794 1421 3854 9leonti

291 3888 379 3941 ursaci
398 3888 454 3943 RB
521 3889 554 3942 12
574 3891 602 3941 et
620 3889 728 3942 mittam
749 3889 776 3943 d
844 3889 878 3943 13
898 3889 1011 3960 diluuia]
1032 3889 1181 3943 diluentem
1202 3888 1229 3943 G
1302 3891 1329 3942 et
1345 3889 1420 3958 petro·

290 3976 402 4031 uoloso
495 3979 528 4030 14
550 3994 585 4031 ne
609 3977 701 4046 quiG
795 3979 828 4032 15
852 3978 938 4032 totins
964 3981 1042 4044 (corr.
1065 3979 1085 4032 ι’.
1108 3995 1159 4048 my.
1183 3995 1218 4031 m.
1238 3981 1259 4032 2
1276 3970 1421 4040 totiens)G

291 4065 324 4117 17
348 4064 467 4134 lapidem
485 4066 541 4121 RB
614 4067 813 4121 accusationem
831 4055 867 4122 ob
871 4055 918 4062 ””””
922 4057 955 4121 18
970 4068 1033 4139 uno]
1052 4068 1081 4120 in
1102 4067 1208 4120 omnio
1260 4067 1293 4120 19
1312 4064 1358 4118 sub
1373 4061 1419 4115 ors.

290 4169 342 4206 om.
356 4154 445 4208 RBob
536 4154 684 4209 ursatioG
757 4155 791 4209 20
812 4155 950 4211 occiditR
1023 4156 1080 4225 ubi]
1099 4159 1164 4210 uto
1237 4152 1420 4209 secundaestv

290 4269 323 4321 21
344 4269 393 4323 sub
414 4268 460 4324 Gr.
479 4286 530 4324 om.
550 4270 639 4325 RBob
712 4271 746 4324 22
766 4269 816 4324 sub
837 4288 879 4341 op.
900 4289 944 4326 un.
964 4288 1015 4326 om.
1034 4271 1122 4326 RBob
1195 4271 1229 4324 23
1255 4235 1381 4340 dispbrsus
1398 4264 1418 4328 (e

288 4373 310 4411 s.
332 4358 348 4411 l.
368 4375 401 4413 m.
421 4361 450 4426 2)
471 4358 506 4420 R,
528 4376 635 4428 sparsus
657 4359 682 4412 G
755 4361 843 4428 paries
863 4377 913 4413 our.
932 4361 966 4415 ab
1040 4361 1072 4414 de
1092 4377 1143 4415 om.
1164 4359 1207 4414 Go
