<?xml version="1.0" encoding="UTF-8"?>
<!DOCTYPE html PUBLIC "-//W3C//DTD XHTML 1.0 Transitional//EN"
    "http://www.w3.org/TR/xhtml1/DTD/xhtml1-transitional.dtd">
<html xmlns="http://www.w3.org/1999/xhtml" xml:lang="en" lang="en">
 <head>
  <title>
</title>
<meta http-equiv="Content-Type" content="text/html;charset=utf-8" />
  <meta name='ocr-system' content='tesseract 3.04.00' />
  <meta name='ocr-capabilities' content='ocr_page ocr_carea ocr_par ocr_line ocrx_word'/>
</head>
<body>
  <div class='ocr_page' id='page_1' title='image "./corpusscriptoru11wissgoog_0194.png"; bbox 0 0 3064 5010; ppageno 0'>
   <div class='ocr_carea' id='block_1_1' title="bbox 653 1114 1009 1194">
    <p class='ocr_par' dir='ltr' id='par_1_1' title="bbox 653 1114 1009 1194">
     <span class='ocr_line' id='line_1_1' title="bbox 653 1114 1009 1194; baseline 0.014 -17"><span class='ocrx_word' id='word_1_1' title='bbox 653 1114 795 1194; x_wconf 80' lang='lat' dir='ltr'><strong>LIBER</strong></span> <span class='ocrx_word' id='word_1_2' title='bbox 818 1115 1009 1182; x_wconf 81' lang='lat' dir='ltr'><strong>SEXTUS.</strong></span> 
     </span>
    </p>
   </div>
   <div class='ocr_carea' id='block_1_2' title="bbox 210 1254 1419 2089">
    <p class='ocr_par' dir='ltr' id='par_1_2' title="bbox 281 1254 1387 1339">
     <span class='ocr_line' id='line_1_2' title="bbox 281 1254 1387 1339; baseline 0.006 -22"><span class='ocrx_word' id='word_1_3' title='bbox 281 1254 335 1318; x_wconf 87' lang='lat' dir='ltr'>·I.</span> <span class='ocrx_word' id='word_1_4' title='bbox 364 1256 408 1320; x_wconf 88' lang='lat' dir='ltr'>Ut</span> <span class='ocrx_word' id='word_1_5' title='bbox 435 1255 514 1318; x_wconf 88' lang='lat' dir='ltr'>mihi</span> <span class='ocrx_word' id='word_1_6' title='bbox 542 1255 677 1334; x_wconf 80' lang='lat' dir='ltr'>uidetur,</span> <span class='ocrx_word' id='word_1_7' title='bbox 705 1257 827 1339; x_wconf 89' lang='lat' dir='ltr'>liquido</span> <span class='ocrx_word' id='word_1_8' title='bbox 856 1258 1108 1323; x_wconf 89' lang='lat' dir='ltr'>demonstratum</span> <span class='ocrx_word' id='word_1_9' title='bbox 1137 1261 1196 1337; x_wconf 89' lang='lat' dir='ltr'>est,</span> <span class='ocrx_word' id='word_1_10' title='bbox 1224 1258 1255 1323; x_wconf 93' lang='lat' dir='ltr'>in</span> <span class='ocrx_word' id='word_1_11' title='bbox 1285 1259 1387 1324; x_wconf 90' lang='lat' dir='ltr'>diuinis</span> 
     </span>
    </p>

    <p class='ocr_par' dir='ltr' id='par_1_3' title="bbox 210 1361 1419 2089">
     <span class='ocr_line' id='line_1_3' title="bbox 210 1361 1386 1444; baseline 0.005 -20"><span class='ocrx_word' id='word_1_12' title='bbox 210 1369 212 1373; x_wconf 78' lang='grc'><strong>“</strong></span> <span class='ocrx_word' id='word_1_13' title='bbox 257 1362 462 1426; x_wconf 73' lang='lat' dir='ltr'>sacramentis</span> <span class='ocrx_word' id='word_1_14' title='bbox 491 1361 567 1444; x_wconf 92' lang='lat' dir='ltr'>quid</span> <span class='ocrx_word' id='word_1_15' title='bbox 594 1363 710 1428; x_wconf 81' lang='lat' dir='ltr'>nefarie</span> <span class='ocrx_word' id='word_1_16' title='bbox 737 1363 886 1429; x_wconf 77' lang='lat' dir='ltr'>feceritis.</span> <span class='ocrx_word' id='word_1_17' title='bbox 923 1365 987 1429; x_wconf 87' lang='lat' dir='ltr'>iam</span> <span class='ocrx_word' id='word_1_18' title='bbox 1014 1365 1070 1430; x_wconf 90' lang='lat' dir='ltr'>illa</span> <span class='ocrx_word' id='word_1_19' title='bbox 1094 1365 1288 1430; x_wconf 88' lang='lat' dir='ltr'>ostendenda</span> <span class='ocrx_word' id='word_1_20' title='bbox 1314 1370 1386 1442; x_wconf 80' lang='lat' dir='ltr'>sunt,</span> 
     </span>
     <span class='ocr_line' id='line_1_4' title="bbox 257 1469 1385 1556; baseline 0.005 -25"><span class='ocrx_word' id='word_1_21' title='bbox 257 1487 337 1549; x_wconf 92' lang='lat' dir='ltr'>quae</span> <span class='ocrx_word' id='word_1_22' title='bbox 361 1469 530 1534; x_wconf 90' lang='lat' dir='ltr'>crudeliter</span> <span class='ocrx_word' id='word_1_23' title='bbox 552 1489 589 1535; x_wconf 91' lang='lat' dir='ltr'>ac</span> <span class='ocrx_word' id='word_1_24' title='bbox 612 1471 711 1534; x_wconf 91' lang='lat' dir='ltr'>stulte</span> <span class='ocrx_word' id='word_1_25' title='bbox 734 1490 793 1536; x_wconf 93' lang='lat' dir='ltr'>uos</span> <span class='ocrx_word' id='word_1_26' title='bbox 815 1471 930 1538; x_wconf 87' lang='lat' dir='ltr'>fecisse</span> <span class='ocrx_word' id='word_1_27' title='bbox 954 1491 1068 1556; x_wconf 87' lang='lat' dir='ltr'>negare</span> <span class='ocrx_word' id='word_1_28' title='bbox 1091 1472 1222 1537; x_wconf 91' lang='lat' dir='ltr'>minime</span> <span class='ocrx_word' id='word_1_29' title='bbox 1244 1471 1385 1556; x_wconf 90' lang='lat' dir='ltr'>poteritis.</span> 
     </span>
     <span class='ocr_line' id='line_1_5' title="bbox 257 1576 1419 1661; baseline 0.003 -23"><span class='ocrx_word' id='word_1_30' title='bbox 257 1576 333 1657; x_wconf 92' lang='lat' dir='ltr'>quid</span> <span class='ocrx_word' id='word_1_31' title='bbox 356 1577 439 1641; x_wconf 91' lang='lat' dir='ltr'>enim</span> <span class='ocrx_word' id='word_1_32' title='bbox 462 1579 528 1640; x_wconf 89' lang='lat' dir='ltr'>tam</span> <span class='ocrx_word' id='word_1_33' title='bbox 552 1577 741 1661; x_wconf 84' lang='lat' dir='ltr'>sacrilegum</span> <span class='ocrx_word' id='word_1_34' title='bbox 770 1597 864 1660; x_wconf 91' lang='lat' dir='ltr'>quam</span> <span class='ocrx_word' id='word_1_35' title='bbox 893 1579 1004 1643; x_wconf 86' lang='lat' dir='ltr'>altaria</span> <span class='ocrx_word' id='word_1_36' title='bbox 1023 1578 1083 1660; x_wconf 84' lang='lat' dir='ltr'>dei,</span> <span class='ocrx_word' id='word_1_37' title='bbox 1102 1578 1135 1642; x_wconf 89' lang='lat' dir='ltr'>in</span> <span class='ocrx_word' id='word_1_38' title='bbox 1155 1579 1270 1660; x_wconf 90' lang='lat' dir='ltr'>quibus</span> <span class='ocrx_word' id='word_1_39' title='bbox 1291 1582 1321 1643; x_wconf 89' lang='lat' dir='ltr'>et</span> <span class='ocrx_word' id='word_1_40' title='bbox 1336 1599 1385 1643; x_wconf 87' lang='lat' dir='ltr'>uos</span> <span class='ocrx_word' id='word_1_41' title='bbox 1410 1605 1419 1642; x_wconf 76' lang='lat' dir='ltr'>r</span> 
     </span>
     <span class='ocr_line' id='line_1_6' title="bbox 256 1682 1386 1768; baseline 0.004 -23"><span class='ocrx_word' id='word_1_42' title='bbox 256 1682 422 1765; x_wconf 89' lang='lat' dir='ltr'>aliquando</span> <span class='ocrx_word' id='word_1_43' title='bbox 448 1683 621 1762; x_wconf 73' lang='lat' dir='ltr'>obtulistis,</span> <span class='ocrx_word' id='word_1_44' title='bbox 644 1684 798 1768; x_wconf 83' lang='lat' dir='ltr'>frangere,</span> <span class='ocrx_word' id='word_1_45' title='bbox 821 1685 940 1764; x_wconf 87' lang='lat' dir='ltr'>radere,</span> <span class='ocrx_word' id='word_1_46' title='bbox 963 1705 1136 1764; x_wconf 80' lang='lat' dir='ltr'>remouere,</span> <span class='ocrx_word' id='word_1_47' title='bbox 1165 1685 1197 1749; x_wconf 94' lang='lat' dir='ltr'>in</span> <span class='ocrx_word' id='word_1_48' title='bbox 1227 1687 1336 1767; x_wconf 91' lang='lat' dir='ltr'>quibus</span> <span class='ocrx_word' id='word_1_49' title='bbox 1360 1688 1386 1749; x_wconf 88' lang='lat' dir='ltr'>et</span> 
     </span>
     <span class='ocr_line' id='line_1_7' title="bbox 255 1790 1385 1875; baseline 0.001 -22"><span class='ocrx_word' id='word_1_50' title='bbox 255 1792 332 1853; x_wconf 90' lang='lat' dir='ltr'>uota</span> <span class='ocrx_word' id='word_1_51' title='bbox 354 1790 465 1873; x_wconf 93' lang='lat' dir='ltr'>populi</span> <span class='ocrx_word' id='word_1_52' title='bbox 488 1792 520 1854; x_wconf 87' lang='lat' dir='ltr'>et</span> <span class='ocrx_word' id='word_1_53' title='bbox 542 1791 684 1854; x_wconf 87' lang='lat' dir='ltr'>membra</span> <span class='ocrx_word' id='word_1_54' title='bbox 708 1790 827 1856; x_wconf 82' lang='lat' dir='ltr'>Christi</span> <span class='ocrx_word' id='word_1_55' title='bbox 853 1793 980 1874; x_wconf 87' lang='lat' dir='ltr'>portata</span> <span class='ocrx_word' id='word_1_56' title='bbox 1003 1794 1088 1872; x_wconf 82' lang='lat' dir='ltr'>sunt,</span> <span class='ocrx_word' id='word_1_57' title='bbox 1112 1812 1173 1875; x_wconf 92' lang='lat' dir='ltr'>quo</span> <span class='ocrx_word' id='word_1_58' title='bbox 1200 1793 1277 1856; x_wconf 88' lang='lat' dir='ltr'>deus</span> <span class='ocrx_word' id='word_1_59' title='bbox 1301 1792 1385 1856; x_wconf 90' lang='lat' dir='ltr'>omni-</span> 
     </span>
     <span class='ocr_line' id='line_1_8' title="bbox 254 1897 1385 1981; baseline 0.002 -21"><span class='ocrx_word' id='word_1_60' title='bbox 254 1900 367 1979; x_wconf 91' lang='lat' dir='ltr'>potens</span> <span class='ocrx_word' id='word_1_61' title='bbox 404 1898 573 1962; x_wconf 89' lang='lat' dir='ltr'>inuocatus</span> <span class='ocrx_word' id='word_1_62' title='bbox 611 1897 663 1976; x_wconf 86' lang='lat' dir='ltr'>sit,</span> <span class='ocrx_word' id='word_1_63' title='bbox 706 1917 767 1979; x_wconf 91' lang='lat' dir='ltr'>quo</span> <span class='ocrx_word' id='word_1_64' title='bbox 808 1900 991 1981; x_wconf 88' lang='lat' dir='ltr'>postulatus</span> <span class='ocrx_word' id='word_1_65' title='bbox 1033 1899 1229 1964; x_wconf 86' lang='lat' dir='ltr'>descenderit</span> <span class='ocrx_word' id='word_1_66' title='bbox 1269 1899 1385 1981; x_wconf 91' lang='lat' dir='ltr'>spiritus</span> 
     </span>
     <span class='ocr_line' id='line_1_9' title="bbox 256 2003 1386 2089; baseline 0.001 -22"><span class='ocrx_word' id='word_1_67' title='bbox 256 2007 395 2081; x_wconf 76' lang='lat' dir='ltr'>sanctus,</span> <span class='ocrx_word' id='word_1_68' title='bbox 424 2003 507 2067; x_wconf 90' lang='lat' dir='ltr'>unde</span> <span class='ocrx_word' id='word_1_69' title='bbox 536 2021 554 2066; x_wconf 94' lang='lat' dir='ltr'>a</span> <span class='ocrx_word' id='word_1_70' title='bbox 581 2003 692 2069; x_wconf 92' lang='lat' dir='ltr'>multis</span> <span class='ocrx_word' id='word_1_71' title='bbox 721 2005 753 2068; x_wconf 89' lang='lat' dir='ltr'>et</span> <span class='ocrx_word' id='word_1_72' title='bbox 779 2005 895 2089; x_wconf 85' lang='lat' dir='ltr'>pignus</span> <span class='ocrx_word' id='word_1_73' title='bbox 924 2005 1038 2070; x_wconf 91' lang='lat' dir='ltr'>salutis</span> <span class='ocrx_word' id='word_1_74' title='bbox 1068 2008 1212 2070; x_wconf 87' lang='lat' dir='ltr'>aeternae</span> <span class='ocrx_word' id='word_1_75' title='bbox 1242 2009 1272 2070; x_wconf 91' lang='lat' dir='ltr'>et</span> <span class='ocrx_word' id='word_1_76' title='bbox 1298 2007 1386 2070; x_wconf 90' lang='lat' dir='ltr'>tutela</span> 
     </span>
    </p>
   </div>
   <div class='ocr_carea' id='block_1_3' title="bbox 153 2229 1498 4175">
    <p class='ocr_par' dir='ltr' id='par_1_4' title="bbox 253 2229 1386 2922">
     <span class='ocr_line' id='line_1_10' title="bbox 288 2229 1386 2302; baseline -0.001 -18"><span class='ocrx_word' id='word_1_77' title='bbox 288 2229 426 2284; x_wconf 84' lang='lat' dir='ltr'>INCIPIT</span> <span class='ocrx_word' id='word_1_78' title='bbox 444 2231 552 2284; x_wconf 82' lang='lat' dir='ltr'>LIBER</span> <span class='ocrx_word' id='word_1_79' title='bbox 572 2232 707 2288; x_wconf 85' lang='lat' dir='ltr'>SEXTVS</span> <span class='ocrx_word' id='word_1_80' title='bbox 726 2231 821 2299; x_wconf 76' lang='lat' dir='ltr'>(rubr.)</span> <span class='ocrx_word' id='word_1_81' title='bbox 841 2232 870 2287; x_wconf 86' lang='lat' dir='ltr'><em>R</em></span> <span class='ocrx_word' id='word_1_82' title='bbox 883 2233 938 2300; x_wconf 87' lang='lat' dir='ltr'>sol.</span> <span class='ocrx_word' id='word_1_83' title='bbox 961 2234 998 2287; x_wconf 83' lang='lat'>52</span> <span class='ocrx_word' id='word_1_84' title='bbox 1013 2243 1033 2296; x_wconf 75' lang='lat'>¹,</span> <span class='ocrx_word' id='word_1_85' title='bbox 1053 2231 1249 2302; x_wconf 79' lang='lat' dir='ltr'>I&#39;neipitLiber</span> <span class='ocrx_word' id='word_1_86' title='bbox 1264 2231 1386 2286; x_wconf 85' lang='lat' dir='ltr'>SextusB</span> 
     </span>
     <span class='ocr_line' id='line_1_11' title="bbox 253 2320 1385 2391; baseline -0.001 -18"><span class='ocrx_word' id='word_1_87' title='bbox 253 2320 302 2386; x_wconf 86' lang='lat' dir='ltr'>fol.</span> <span class='ocrx_word' id='word_1_88' title='bbox 325 2320 376 2371; x_wconf 83' lang='lat'>53·</span> <span class='ocrx_word' id='word_1_89' title='bbox 396 2321 424 2386; x_wconf 79' lang='lat'>2,</span> <span class='ocrx_word' id='word_1_90' title='bbox 442 2320 562 2373; x_wconf 88' lang='lat' dir='ltr'>Prefatic</span> <span class='ocrx_word' id='word_1_91' title='bbox 582 2322 679 2387; x_wconf 81' lang='lat' dir='ltr'>(rubr.)</span> <span class='ocrx_word' id='word_1_92' title='bbox 696 2320 722 2375; x_wconf 79' lang='lat' dir='ltr'><strong><em>G</em></strong></span> <span class='ocrx_word' id='word_1_93' title='bbox 739 2321 789 2388; x_wconf 80' lang='lat' dir='ltr'>fol.</span> <span class='ocrx_word' id='word_1_94' title='bbox 806 2323 839 2374; x_wconf 87' lang='lat'>51</span> <span class='ocrx_word' id='word_1_95' title='bbox 852 2323 878 2387; x_wconf 79' lang='lat'>&#39;³,·</span> <span class='ocrx_word' id='word_1_96' title='bbox 897 2322 1020 2390; x_wconf 76' lang='lat' dir='ltr'>sequitur</span> <span class='ocrx_word' id='word_1_97' title='bbox 1037 2321 1070 2374; x_wconf 80' lang='lat' dir='ltr'>ia</span> <span class='ocrx_word' id='word_1_98' title='bbox 1087 2320 1193 2376; x_wconf 81' lang='lat' dir='ltr'>RBGd</span> <span class='ocrx_word' id='word_1_99' title='bbox 1212 2326 1385 2391; x_wconf 78' lang='lat' dir='ltr'>arpumeutam</span> 
     </span>
     <span class='ocr_line' id='line_1_12' title="bbox 254 2409 1384 2480; baseline -0.001 -19"><span class='ocrx_word' id='word_1_100' title='bbox 254 2409 377 2477; x_wconf 74' lang='lat' dir='ltr'>idemque</span> <span class='ocrx_word' id='word_1_101' title='bbox 402 2409 434 2462; x_wconf 81' lang='lat' dir='ltr'>ia</span> <span class='ocrx_word' id='word_1_102' title='bbox 455 2409 484 2462; x_wconf 93' lang='lat' dir='ltr'><strong><em>P</em></strong></span> <span class='ocrx_word' id='word_1_103' title='bbox 511 2410 607 2478; x_wconf 78' lang='lat' dir='ltr'>lapitas·</span> <span class='ocrx_word' id='word_1_104' title='bbox 623 2411 678 2478; x_wconf 84' lang='lat' dir='ltr'>sol.</span> <span class='ocrx_word' id='word_1_105' title='bbox 701 2413 804 2464; x_wconf 65' lang='lat'>243&#39;2:</span> <span class='ocrx_word' id='word_1_106' title='bbox 830 2410 863 2464; x_wconf 94' lang='lat' dir='ltr'>In</span> <span class='ocrx_word' id='word_1_107' title='bbox 890 2409 915 2470; x_wconf 87' lang='lat' dir='ltr'>(I</span> <span class='ocrx_word' id='word_1_108' title='bbox 938 2410 1013 2464; x_wconf 81' lang='lat' dir='ltr'>rubr.</span> <span class='ocrx_word' id='word_1_109' title='bbox 1040 2409 1076 2477; x_wconf 83' lang='lat' dir='ltr'>G)</span> <span class='ocrx_word' id='word_1_110' title='bbox 1104 2411 1156 2464; x_wconf 88' lang='lat' dir='ltr'>hoc</span> <span class='ocrx_word' id='word_1_111' title='bbox 1186 2413 1262 2464; x_wconf 85' lang='lat' dir='ltr'>sexto</span> <span class='ocrx_word' id='word_1_112' title='bbox 1291 2409 1384 2480; x_wconf 82' lang='lat' dir='ltr'>(Sextus</span> 
     </span>
     <span class='ocr_line' id='line_1_13' title="bbox 256 2497 1384 2568; baseline 0.003 -19"><span class='ocrx_word' id='word_1_113' title='bbox 256 2497 353 2566; x_wconf 71' lang='lat' dir='ltr'>[ruba]</span> <span class='ocrx_word' id='word_1_114' title='bbox 375 2498 405 2550; x_wconf 93' lang='lat' dir='ltr'>in</span> <span class='ocrx_word' id='word_1_115' title='bbox 428 2498 480 2551; x_wconf 88' lang='lat' dir='ltr'>hoc</span> <span class='ocrx_word' id='word_1_116' title='bbox 502 2501 576 2552; x_wconf 82' lang='lat' dir='ltr'>sexto</span> <span class='ocrx_word' id='word_1_117' title='bbox 594 2500 634 2568; x_wconf 84' lang='lat' dir='ltr'>P)</span> <span class='ocrx_word' id='word_1_118' title='bbox 658 2498 727 2555; x_wconf 82' lang='lat' dir='ltr'>libro</span> <span class='ocrx_word' id='word_1_119' title='bbox 752 2499 856 2564; x_wconf 91' lang='lat' dir='ltr'>(libello</span> <span class='ocrx_word' id='word_1_120' title='bbox 879 2499 915 2567; x_wconf 79' lang='lat' dir='ltr'>G)</span> <span class='ocrx_word' id='word_1_121' title='bbox 941 2498 1122 2552; x_wconf 89' lang='lat' dir='ltr'>ostenduntur</span> <span class='ocrx_word' id='word_1_122' title='bbox 1144 2500 1311 2566; x_wconf 85' lang='lat' dir='ltr'>(continetur</span> <span class='ocrx_word' id='word_1_123' title='bbox 1329 2497 1384 2562; x_wconf 82' lang='lat' dir='ltr'>RB)</span> 
     </span>
     <span class='ocr_line' id='line_1_14' title="bbox 255 2585 1385 2658; baseline -0.001 -20"><span class='ocrx_word' id='word_1_124' title='bbox 255 2585 401 2640; x_wconf 86' lang='lat' dir='ltr'>scismatici</span> <span class='ocrx_word' id='word_1_125' title='bbox 424 2590 491 2653; x_wconf 87' lang='lat' dir='ltr'>(om..</span> <span class='ocrx_word' id='word_1_126' title='bbox 509 2587 575 2655; x_wconf 84' lang='lat' dir='ltr'>RB)</span> <span class='ocrx_word' id='word_1_127' title='bbox 599 2588 650 2641; x_wconf 90' lang='lat' dir='ltr'>hoc</span> <span class='ocrx_word' id='word_1_128' title='bbox 673 2591 715 2642; x_wconf 87' lang='lat' dir='ltr'>est</span> <span class='ocrx_word' id='word_1_129' title='bbox 738 2588 858 2658; x_wconf 88' lang='lat' dir='ltr'>episcopi</span> <span class='ocrx_word' id='word_1_130' title='bbox 878 2588 1044 2656; x_wconf 86' lang='lat' dir='ltr'>(ostenditur</span> <span class='ocrx_word' id='word_1_131' title='bbox 1063 2588 1203 2658; x_wconf 88' lang='lat' dir='ltr'>episcopos</span> <span class='ocrx_word' id='word_1_132' title='bbox 1223 2587 1294 2654; x_wconf 78' lang='lat' dir='ltr'>edu.)</span> <span class='ocrx_word' id='word_1_133' title='bbox 1312 2586 1385 2656; x_wconf 83' lang='lat' dir='ltr'>partis</span> 
     </span>
     <span class='ocr_line' id='line_1_15' title="bbox 254 2673 1383 2746; baseline 0 -19"><span class='ocrx_word' id='word_1_134' title='bbox 254 2675 357 2728; x_wconf 84' lang='lat' dir='ltr'>Donati</span> <span class='ocrx_word' id='word_1_135' title='bbox 370 2678 464 2728; x_wconf 87' lang='lat' dir='ltr'>contre</span> <span class='ocrx_word' id='word_1_136' title='bbox 476 2675 565 2745; x_wconf 86' lang='lat' dir='ltr'>legem</span> <span class='ocrx_word' id='word_1_137' title='bbox 578 2677 691 2746; x_wconf 87' lang='lat' dir='ltr'>fregisse</span> <span class='ocrx_word' id='word_1_138' title='bbox 704 2677 802 2730; x_wconf 85' lang='lat' dir='ltr'>altaria</span> <span class='ocrx_word' id='word_1_139' title='bbox 813 2679 841 2729; x_wconf 90' lang='lat' dir='ltr'>et</span> <span class='ocrx_word' id='word_1_140' title='bbox 852 2678 914 2743; x_wconf 85' lang='lat' dir='ltr'>(om.</span> <span class='ocrx_word' id='word_1_141' title='bbox 928 2676 964 2744; x_wconf 84' lang='lat' dir='ltr'>G)</span> <span class='ocrx_word' id='word_1_142' title='bbox 981 2676 1180 2731; x_wconf 88' lang='lat' dir='ltr'>inconsiderate</span> <span class='ocrx_word' id='word_1_143' title='bbox 1196 2676 1235 2744; x_wconf 90' lang='lat' dir='ltr'>(in</span> <span class='ocrx_word' id='word_1_144' title='bbox 1250 2692 1311 2729; x_wconf 90' lang='lat' dir='ltr'>cons</span> <span class='ocrx_word' id='word_1_145' title='bbox 1322 2717 1326 2728; x_wconf 95' lang='lat'><em>.</em></span> <span class='ocrx_word' id='word_1_146' title='bbox 1337 2715 1342 2727; x_wconf 92' lang='lat'>.</span> <span class='ocrx_word' id='word_1_147' title='bbox 1354 2673 1383 2739; x_wconf 84' lang='lat' dir='ltr'>G)</span> 
     </span>
     <span class='ocr_line' id='line_1_16' title="bbox 256 2763 1384 2834; baseline 0 -19"><span class='ocrx_word' id='word_1_148' title='bbox 256 2763 384 2818; x_wconf 86' lang='lat' dir='ltr'>conflasse</span> <span class='ocrx_word' id='word_1_149' title='bbox 404 2766 432 2818; x_wconf 89' lang='lat' dir='ltr'>et</span> <span class='ocrx_word' id='word_1_150' title='bbox 450 2765 550 2834; x_wconf 90' lang='lat' dir='ltr'>passim</span> <span class='ocrx_word' id='word_1_151' title='bbox 568 2765 723 2819; x_wconf 89' lang='lat' dir='ltr'>uendidisse</span> <span class='ocrx_word' id='word_1_152' title='bbox 746 2781 813 2817; x_wconf 88' lang='lat' dir='ltr'>uasa</span> <span class='ocrx_word' id='word_1_153' title='bbox 837 2767 915 2832; x_wconf 85' lang='lat' dir='ltr'>(uasa</span> <span class='ocrx_word' id='word_1_154' title='bbox 933 2765 1012 2818; x_wconf 89' lang='lat' dir='ltr'>uend.</span> <span class='ocrx_word' id='word_1_155' title='bbox 1035 2764 1071 2830; x_wconf 77' lang='lat' dir='ltr'>G)</span> <span class='ocrx_word' id='word_1_156' title='bbox 1097 2763 1234 2818; x_wconf 87' lang='lat' dir='ltr'>dominica</span> <span class='ocrx_word' id='word_1_157' title='bbox 1252 2767 1280 2818; x_wconf 89' lang='lat' dir='ltr'>et</span> <span class='ocrx_word' id='word_1_158' title='bbox 1296 2763 1384 2816; x_wconf 88' lang='lat' dir='ltr'>lauisse</span> 
     </span>
     <span class='ocr_line' id='line_1_17' title="bbox 255 2851 1383 2922; baseline -0.003 -16"><span class='ocrx_word' id='word_1_159' title='bbox 255 2869 324 2922; x_wconf 88' lang='lat' dir='ltr'>quae</span> <span class='ocrx_word' id='word_1_160' title='bbox 342 2853 460 2907; x_wconf 89' lang='lat' dir='ltr'>lauanda</span> <span class='ocrx_word' id='word_1_161' title='bbox 477 2870 531 2906; x_wconf 92' lang='lat' dir='ltr'>non</span> <span class='ocrx_word' id='word_1_162' title='bbox 551 2855 629 2908; x_wconf 88' lang='lat' dir='ltr'>erant</span> <span class='ocrx_word' id='word_1_163' title='bbox 648 2857 676 2906; x_wconf 88' lang='lat' dir='ltr'>et</span> <span class='ocrx_word' id='word_1_164' title='bbox 693 2852 812 2907; x_wconf 87' lang='lat' dir='ltr'>mitellas</span> <span class='ocrx_word' id='word_1_165' title='bbox 831 2852 931 2922; x_wconf 89' lang='lat' dir='ltr'>puellis</span> <span class='ocrx_word' id='word_1_166' title='bbox 947 2853 1046 2922; x_wconf 82' lang='lat' dir='ltr'>(puelia</span> <span class='ocrx_word' id='word_1_167' title='bbox 1066 2853 1087 2921; x_wconf 89' lang='lat' dir='ltr'>[l</span> <span class='ocrx_word' id='word_1_168' title='bbox 1105 2869 1174 2906; x_wconf 78' lang='lat' dir='ltr'>corr.</span> <span class='ocrx_word' id='word_1_169' title='bbox 1194 2869 1228 2906; x_wconf 80' lang='lat' dir='ltr'>ex</span> <span class='ocrx_word' id='word_1_170' title='bbox 1242 2869 1298 2906; x_wconf 83' lang='lat' dir='ltr'>rm.</span> <span class='ocrx_word' id='word_1_171' title='bbox 1316 2851 1339 2921; x_wconf 84' lang='lat'>1]</span> <span class='ocrx_word' id='word_1_172' title='bbox 1352 2851 1383 2917; x_wconf 81' lang='grc' dir='ltr'>Β)</span> 
     </span>
    </p>

    <p class='ocr_par' dir='ltr' id='par_1_5' title="bbox 153 2930 1384 3013">
     <span class='ocr_line' id='line_1_18' title="bbox 153 2930 1384 3013; baseline -0.002 -17"><span class='ocrx_word' id='word_1_173' title='bbox 153 2979 154 2982; x_wconf 51' lang='lat'><em>=</em></span> <span class='ocrx_word' id='word_1_174' title='bbox 254 2944 374 2996; x_wconf 84' lang='lat' dir='ltr'>mutasse</span> <span class='ocrx_word' id='word_1_175' title='bbox 393 2942 426 2996; x_wconf 90' lang='lat' dir='ltr'>de</span> <span class='ocrx_word' id='word_1_176' title='bbox 446 2942 543 3012; x_wconf 89' lang='lat' dir='ltr'>quibus</span> <span class='ocrx_word' id='word_1_177' title='bbox 561 2941 638 2995; x_wconf 87' lang='lat' dir='ltr'>nulla</span> <span class='ocrx_word' id='word_1_178' title='bbox 656 2942 790 3013; x_wconf 87' lang='lat' dir='ltr'>scriptura</span> <span class='ocrx_word' id='word_1_179' title='bbox 802 2942 913 3011; x_wconf 84' lang='lat' dir='ltr'>legitur.</span> <span class='ocrx_word' id='word_1_180' title='bbox 925 2941 974 2995; x_wconf 82' lang='lat' dir='ltr'>sed</span> <span class='ocrx_word' id='word_1_181' title='bbox 984 2942 1042 2994; x_wconf 77' lang='lat' dir='ltr'>iao</span> <span class='ocrx_word' id='word_1_182' title='bbox 1057 2948 1247 3010; x_wconf 74' lang='lat' dir='ltr'>arpumentum</span> <span class='ocrx_word' id='word_1_183' title='bbox 1262 2930 1384 3009; x_wconf 67' lang='lat' dir='ltr'>coponius</span> 
     </span>
    </p>

    <p class='ocr_par' dir='ltr' id='par_1_6' title="bbox 249 3029 1383 3100">
     <span class='ocr_line' id='line_1_19' title="bbox 249 3029 1383 3100; baseline -0.004 -15"><span class='ocrx_word' id='word_1_184' title='bbox 249 3031 408 3100; x_wconf 77' lang='lat' dir='ltr'>perhibetur</span> <span class='ocrx_word' id='word_1_185' title='bbox 425 3031 468 3084; x_wconf 80' lang='lat' dir='ltr'>bis</span> <span class='ocrx_word' id='word_1_186' title='bbox 486 3032 590 3086; x_wconf 67' lang='lat' dir='ltr'>umbra:</span> <span class='ocrx_word' id='word_1_187' title='bbox 607 3031 718 3084; x_wconf 87' lang='lat' dir='ltr'>Dictum</span> <span class='ocrx_word' id='word_1_188' title='bbox 737 3031 825 3083; x_wconf 87' lang='lat' dir='ltr'>estin</span> <span class='ocrx_word' id='word_1_189' title='bbox 846 3030 948 3096; x_wconf 78' lang='lat' dir='ltr'>Quinto</span> <span class='ocrx_word' id='word_1_190' title='bbox 969 3029 1002 3084; x_wconf 89' lang='lat' dir='ltr'>dc</span> <span class='ocrx_word' id='word_1_191' title='bbox 1020 3030 1193 3100; x_wconf 87' lang='lat' dir='ltr'>baptismatis</span> <span class='ocrx_word' id='word_1_192' title='bbox 1214 3033 1243 3084; x_wconf 91' lang='lat' dir='ltr'>et</span> <span class='ocrx_word' id='word_1_193' title='bbox 1261 3029 1322 3083; x_wconf 90' lang='lat' dir='ltr'>fidei</span> <span class='ocrx_word' id='word_1_194' title='bbox 1337 3029 1383 3081; x_wconf 90' lang='lat' dir='ltr'>uir-</span> 
     </span>
    </p>

    <p class='ocr_par' dir='ltr' id='par_1_7' title="bbox 254 3119 1382 3190">
     <span class='ocr_line' id='line_1_20' title="bbox 254 3119 1382 3190; baseline -0.004 -17"><span class='ocrx_word' id='word_1_195' title='bbox 254 3123 314 3174; x_wconf 85' lang='lat' dir='ltr'>tute</span> <span class='ocrx_word' id='word_1_196' title='bbox 339 3138 369 3174; x_wconf 90' lang='lat' dir='ltr'>ac</span> <span class='ocrx_word' id='word_1_197' title='bbox 392 3120 559 3175; x_wconf 86' lang='lat' dir='ltr'>declaratum</span> <span class='ocrx_word' id='word_1_198' title='bbox 582 3123 714 3190; x_wconf 84' lang='lat' dir='ltr'>quantam</span> <span class='ocrx_word' id='word_1_199' title='bbox 736 3120 773 3173; x_wconf 78' lang='lat' dir='ltr'>rit</span> <span class='ocrx_word' id='word_1_200' title='bbox 795 3120 892 3187; x_wconf 85' lang='lat' dir='ltr'>scelus,</span> <span class='ocrx_word' id='word_1_201' title='bbox 916 3121 1018 3190; x_wconf 86' lang='lat' dir='ltr'>quanta</span> <span class='ocrx_word' id='word_1_202' title='bbox 1040 3119 1167 3189; x_wconf 87' lang='lat' dir='ltr'>impietas</span> <span class='ocrx_word' id='word_1_203' title='bbox 1192 3122 1220 3173; x_wconf 88' lang='lat' dir='ltr'>et</span> <span class='ocrx_word' id='word_1_204' title='bbox 1238 3119 1332 3172; x_wconf 84' lang='lat' dir='ltr'>iniuria</span> <span class='ocrx_word' id='word_1_205' title='bbox 1348 3133 1382 3170; x_wconf 88' lang='lat' dir='ltr'>re·</span> 
     </span>
    </p>

    <p class='ocr_par' dir='ltr' id='par_1_8' title="bbox 253 3205 1383 3280">
     <span class='ocr_line' id='line_1_21' title="bbox 253 3205 1383 3280; baseline -0.005 -17"><span class='ocrx_word' id='word_1_206' title='bbox 253 3210 392 3280; x_wconf 86' lang='lat' dir='ltr'>baptizare</span> <span class='ocrx_word' id='word_1_207' title='bbox 412 3209 574 3263; x_wconf 87' lang='lat' dir='ltr'>catholicos:</span> <span class='ocrx_word' id='word_1_208' title='bbox 593 3226 665 3264; x_wconf 91' lang='lat' dir='ltr'>nunc</span> <span class='ocrx_word' id='word_1_209' title='bbox 683 3211 806 3279; x_wconf 87' lang='lat' dir='ltr'>superest</span> <span class='ocrx_word' id='word_1_210' title='bbox 825 3225 1033 3263; x_wconf 86' lang='lat' dir='ltr'>commemorare</span> <span class='ocrx_word' id='word_1_211' title='bbox 1058 3209 1087 3262; x_wconf 89' lang='lat' dir='ltr'>in</span> <span class='ocrx_word' id='word_1_212' title='bbox 1110 3207 1162 3262; x_wconf 92' lang='lat' dir='ltr'>hoc</span> <span class='ocrx_word' id='word_1_213' title='bbox 1181 3210 1256 3262; x_wconf 83' lang='lat' dir='ltr'>sexto</span> <span class='ocrx_word' id='word_1_214' title='bbox 1275 3207 1339 3260; x_wconf 90' lang='lat' dir='ltr'>libro</span> <span class='ocrx_word' id='word_1_215' title='bbox 1356 3205 1383 3258; x_wconf 88' lang='lat' dir='ltr'>de</span> 
     </span>
    </p>

    <p class='ocr_par' dir='ltr' id='par_1_9' title="bbox 252 3295 1498 3456">
     <span class='ocr_line' id='line_1_22' title="bbox 252 3295 1383 3370; baseline -0.009 -16"><span class='ocrx_word' id='word_1_216' title='bbox 252 3300 365 3370; x_wconf 87' lang='lat' dir='ltr'>reliquis</span> <span class='ocrx_word' id='word_1_217' title='bbox 391 3299 599 3354; x_wconf 86' lang='lat' dir='ltr'>Donatistarum</span> <span class='ocrx_word' id='word_1_218' title='bbox 631 3299 780 3368; x_wconf 83' lang='lat' dir='ltr'>sacrilegiis</span> <span class='ocrx_word' id='word_1_219' title='bbox 814 3302 843 3353; x_wconf 89' lang='lat' dir='ltr'>et</span> <span class='ocrx_word' id='word_1_220' title='bbox 869 3298 1010 3352; x_wconf 84' lang='lat' dir='ltr'>stultitiis:</span> <span class='ocrx_word' id='word_1_221' title='bbox 1044 3296 1148 3363; x_wconf 81' lang='lat' dir='ltr'>Quibus</span> <span class='ocrx_word' id='word_1_222' title='bbox 1180 3314 1277 3352; x_wconf 84' lang='lat' dir='ltr'>nexare</span> <span class='ocrx_word' id='word_1_223' title='bbox 1307 3295 1383 3350; x_wconf 87' lang='lat' dir='ltr'>solent</span> 
     </span>
     <span class='ocr_line' id='line_1_23' title="bbox 254 3373 1498 3456; baseline -0.01 -12"><span class='ocrx_word' id='word_1_224' title='bbox 254 3388 416 3453; x_wconf 81' lang='lat' dir='ltr'>Catholicos‚</span> <span class='ocrx_word' id='word_1_225' title='bbox 441 3388 505 3440; x_wconf 92' lang='lat' dir='ltr'>dum</span> <span class='ocrx_word' id='word_1_226' title='bbox 523 3387 628 3441; x_wconf 85' lang='lat' dir='ltr'>Altaria</span> <span class='ocrx_word' id='word_1_227' title='bbox 650 3387 781 3456; x_wconf 83' lang='lat' dir='ltr'>frangunt</span> <span class='ocrx_word' id='word_1_228' title='bbox 805 3385 980 3450; x_wconf 74' lang='lat' dir='ltr'>seufredum,</span> <span class='ocrx_word' id='word_1_229' title='bbox 999 3386 1210 3456; x_wconf 88' lang='lat' dir='ltr'>Dumreliquos</span> <span class='ocrx_word' id='word_1_230' title='bbox 1230 3384 1383 3440; x_wconf 82' lang='lat' dir='ltr'>Christianos</span> <span class='ocrx_word' id='word_1_231' title='bbox 1497 3373 1498 3376; x_wconf 49' lang='lat'>&#39;</span> 
     </span>
    </p>

    <p class='ocr_par' dir='ltr' id='par_1_10' title="bbox 252 3473 1382 3545">
     <span class='ocr_line' id='line_1_24' title="bbox 252 3473 1382 3545; baseline -0.006 -14"><span class='ocrx_word' id='word_1_232' title='bbox 252 3479 281 3532; x_wconf 88' lang='lat' dir='ltr'>in</span> <span class='ocrx_word' id='word_1_233' title='bbox 299 3479 425 3531; x_wconf 87' lang='lat' dir='ltr'>uniuerso</span> <span class='ocrx_word' id='word_1_234' title='bbox 448 3480 581 3531; x_wconf 86' lang='lat' dir='ltr'>terrarum</span> <span class='ocrx_word' id='word_1_235' title='bbox 605 3476 668 3529; x_wconf 92' lang='lat' dir='ltr'>orbe</span> <span class='ocrx_word' id='word_1_236' title='bbox 691 3476 810 3545; x_wconf 90' lang='lat' dir='ltr'>pollutos</span> <span class='ocrx_word' id='word_1_237' title='bbox 835 3476 939 3538; x_wconf 88' lang='lat' dir='ltr'>dicunt,</span> <span class='ocrx_word' id='word_1_238' title='bbox 959 3476 1030 3529; x_wconf 89' lang='lat' dir='ltr'>Dum</span> <span class='ocrx_word' id='word_1_239' title='bbox 1054 3478 1173 3529; x_wconf 87' lang='lat' dir='ltr'>sacratas</span> <span class='ocrx_word' id='word_1_240' title='bbox 1191 3475 1252 3529; x_wconf 89' lang='lat' dir='ltr'>Deo</span> <span class='ocrx_word' id='word_1_241' title='bbox 1276 3473 1382 3542; x_wconf 68' lang='lat' dir='ltr'>uirgines</span> 
     </span>
    </p>

    <p class='ocr_par' dir='ltr' id='par_1_11' title="bbox 252 3561 1383 3636">
     <span class='ocr_line' id='line_1_25' title="bbox 252 3561 1383 3636; baseline -0.01 -16"><span class='ocrx_word' id='word_1_242' title='bbox 252 3568 350 3620; x_wconf 87' lang='lat' dir='ltr'>iterum</span> <span class='ocrx_word' id='word_1_243' title='bbox 368 3566 490 3636; x_wconf 87' lang='lat' dir='ltr'>profiteri</span> <span class='ocrx_word' id='word_1_244' title='bbox 508 3567 617 3634; x_wconf 83' lang='lat' dir='ltr'>cogunt,</span> <span class='ocrx_word' id='word_1_245' title='bbox 629 3563 702 3617; x_wconf 92' lang='lat' dir='ltr'>Dum</span> <span class='ocrx_word' id='word_1_246' title='bbox 715 3563 825 3618; x_wconf 89' lang='lat' dir='ltr'>diuinae</span> <span class='ocrx_word' id='word_1_247' title='bbox 840 3564 910 3634; x_wconf 86' lang='lat' dir='ltr'>legis</span> <span class='ocrx_word' id='word_1_248' title='bbox 927 3564 1032 3618; x_wconf 89' lang='lat' dir='ltr'>codices</span> <span class='ocrx_word' id='word_1_249' title='bbox 1047 3563 1224 3618; x_wconf 86' lang='lat' dir='ltr'>aCathclicis</span> <span class='ocrx_word' id='word_1_250' title='bbox 1239 3561 1383 3630; x_wconf 81' lang='lat' dir='ltr'>extorquent</span> 
     </span>
    </p>

    <p class='ocr_par' dir='ltr' id='par_1_12' title="bbox 254 3647 1381 3724">
     <span class='ocr_line' id='line_1_26' title="bbox 254 3647 1381 3724; baseline -0.011 -14"><span class='ocrx_word' id='word_1_251' title='bbox 254 3659 282 3711; x_wconf 86' lang='lat' dir='ltr'>st</span> <span class='ocrx_word' id='word_1_252' title='bbox 299 3656 477 3710; x_wconf 87' lang='lat' dir='ltr'>Basilicarum</span> <span class='ocrx_word' id='word_1_253' title='bbox 500 3655 617 3724; x_wconf 83' lang='lat' dir='ltr'>parietes</span> <span class='ocrx_word' id='word_1_254' title='bbox 642 3652 714 3706; x_wconf 84' lang='lat' dir='ltr'>salsa</span> <span class='ocrx_word' id='word_1_255' title='bbox 737 3652 833 3706; x_wconf 89' lang='lat' dir='ltr'>lauant</span> <span class='ocrx_word' id='word_1_256' title='bbox 857 3653 934 3707; x_wconf 89' lang='lat' dir='ltr'>uelut</span> <span class='ocrx_word' id='word_1_257' title='bbox 956 3653 1076 3723; x_wconf 91' lang='lat' dir='ltr'>pollutos</span> <span class='ocrx_word' id='word_1_258' title='bbox 1101 3654 1129 3705; x_wconf 90' lang='lat' dir='ltr'>et</span> <span class='ocrx_word' id='word_1_259' title='bbox 1147 3669 1164 3705; x_wconf 89' lang='lat' dir='ltr'>a</span> <span class='ocrx_word' id='word_1_260' title='bbox 1181 3653 1238 3705; x_wconf 90' lang='lat' dir='ltr'>suis</span> <span class='ocrx_word' id='word_1_261' title='bbox 1257 3647 1381 3718; x_wconf 86' lang='lat' dir='ltr'>discipulis</span> 
     </span>
    </p>

    <p class='ocr_par' dir='ltr' id='par_1_13' title="bbox 253 3737 1380 3814">
     <span class='ocr_line' id='line_1_27' title="bbox 253 3737 1380 3814; baseline -0.01 -15"><span class='ocrx_word' id='word_1_262' title='bbox 253 3747 319 3800; x_wconf 89' lang='lat' dir='ltr'>alios</span> <span class='ocrx_word' id='word_1_263' title='bbox 344 3745 435 3799; x_wconf 90' lang='lat' dir='ltr'>seduci</span> <span class='ocrx_word' id='word_1_264' title='bbox 460 3745 613 3814; x_wconf 86' lang='lat' dir='ltr'>procurant.</span> <span class='ocrx_word' id='word_1_265' title='bbox 636 3743 704 3796; x_wconf 85' lang='lat' dir='ltr'>Post</span> <span class='ocrx_word' id='word_1_266' title='bbox 727 3748 916 3811; x_wconf 81' lang='lat' dir='ltr'>urpwmeatum</span> <span class='ocrx_word' id='word_1_267' title='bbox 941 3742 1028 3796; x_wconf 77' lang='lat' dir='ltr'>audit.</span> <span class='ocrx_word' id='word_1_268' title='bbox 1047 3743 1079 3795; x_wconf 80' lang='lat' dir='ltr'>a&#39;a</span> <span class='ocrx_word' id='word_1_269' title='bbox 1100 3740 1126 3795; x_wconf 80' lang='lat' dir='ltr'><em>G</em></span> <span class='ocrx_word' id='word_1_270' title='bbox 1143 3741 1262 3811; x_wconf 83' lang='lat' dir='ltr'>Explicit</span> <span class='ocrx_word' id='word_1_271' title='bbox 1279 3737 1380 3810; x_wconf 85' lang='lat' dir='ltr'>prefatio</span> 
     </span>
    </p>

    <p class='ocr_par' dir='ltr' id='par_1_14' title="bbox 252 3829 1380 3910">
     <span class='ocr_line' id='line_1_28' title="bbox 252 3829 1380 3910; baseline -0.01 -21"><span class='ocrx_word' id='word_1_272' title='bbox 252 3841 278 3889; x_wconf 79' lang='lat' dir='ltr'>et</span> <span class='ocrx_word' id='word_1_273' title='bbox 295 3836 326 3888; x_wconf 75' lang='lat' dir='ltr'>aa</span> <span class='ocrx_word' id='word_1_274' title='bbox 345 3835 393 3890; x_wconf 83' lang='lat' dir='ltr'>lia.</span> <span class='ocrx_word' id='word_1_275' title='bbox 418 3849 490 3903; x_wconf 77' lang='lat' dir='ltr'>sequ.</span> <span class='ocrx_word' id='word_1_276' title='bbox 513 3833 615 3904; x_wconf 91' lang='lat' dir='ltr'>Incipit</span> <span class='ocrx_word' id='word_1_277' title='bbox 636 3831 720 3886; x_wconf 86' lang='lat' dir='ltr'>Liber</span> <span class='ocrx_word' id='word_1_278' title='bbox 743 3831 838 3886; x_wconf 82' lang='lat' dir='ltr'>Sextus</span> <span class='ocrx_word' id='word_1_279' title='bbox 863 3832 968 3900; x_wconf 67' lang='lat' dir='ltr'>(ruba),</span> <span class='ocrx_word' id='word_1_280' title='bbox 986 3832 1018 3885; x_wconf 80' lang='lat' dir='ltr'>ia</span> <span class='ocrx_word' id='word_1_281' title='bbox 1035 3831 1169 3910; x_wconf 19' lang='lat' dir='ltr'>cllncipit</span> <span class='ocrx_word' id='word_1_282' title='bbox 1194 3830 1276 3884; x_wconf 89' lang='lat' dir='ltr'>Liber</span> <span class='ocrx_word' id='word_1_283' title='bbox 1298 3829 1380 3882; x_wconf 84' lang='lat' dir='ltr'>Sextus</span> 
     </span>
    </p>

    <p class='ocr_par' dir='ltr' id='par_1_15' title="bbox 253 3913 1380 3991">
     <span class='ocr_line' id='line_1_29' title="bbox 253 3913 1380 3991; baseline -0.01 -14"><span class='ocrx_word' id='word_1_284' title='bbox 253 3926 269 3977; x_wconf 83' lang='grc'>2</span> <span class='ocrx_word' id='word_1_285' title='bbox 292 3926 324 3977; x_wconf 92' lang='lat' dir='ltr'>nt</span> <span class='ocrx_word' id='word_1_286' title='bbox 345 3923 412 3976; x_wconf 90' lang='lat' dir='ltr'>mibi</span> <span class='ocrx_word' id='word_1_287' title='bbox 436 3922 555 3991; x_wconf 85' lang='lat' dir='ltr'>uidetur]</span> <span class='ocrx_word' id='word_1_288' title='bbox 577 3921 764 3974; x_wconf 87' lang='lat' dir='ltr'>indubitanter</span> <span class='ocrx_word' id='word_1_289' title='bbox 781 3920 870 3975; x_wconf 85' lang='lat' dir='ltr'>RBob</span> <span class='ocrx_word' id='word_1_290' title='bbox 947 3924 975 3974; x_wconf 87' lang='lat' dir='ltr'>et</span> <span class='ocrx_word' id='word_1_291' title='bbox 992 3921 1097 3990; x_wconf 89' lang='lat' dir='ltr'>liquido</span> <span class='ocrx_word' id='word_1_292' title='bbox 1125 3920 1140 3972; x_wconf 88' lang='lat' dir='ltr'>b</span> <span class='ocrx_word' id='word_1_293' title='bbox 1212 3913 1380 3972; x_wconf 64' lang='lat' dir='ltr'>actuata</span> 
     </span>
    </p>

    <p class='ocr_par' dir='ltr' id='par_1_16' title="bbox 253 4003 1379 4080">
     <span class='ocr_line' id='line_1_30' title="bbox 253 4003 1379 4080; baseline -0.012 -14"><span class='ocrx_word' id='word_1_294' title='bbox 253 4013 359 4066; x_wconf 86' lang='lat' dir='ltr'>5enim</span> <span class='ocrx_word' id='word_1_295' title='bbox 377 4028 428 4066; x_wconf 88' lang='lat' dir='ltr'>om.</span> <span class='ocrx_word' id='word_1_296' title='bbox 451 4010 477 4065; x_wconf 79' lang='lat' dir='ltr'><strong><em>G</em></strong></span> <span class='ocrx_word' id='word_1_297' title='bbox 552 4013 594 4064; x_wconf 89' lang='lat' dir='ltr'>est</span> <span class='ocrx_word' id='word_1_298' title='bbox 611 4012 702 4063; x_wconf 86' lang='lat' dir='ltr'>tamo</span> <span class='ocrx_word' id='word_1_299' title='bbox 769 4011 931 4080; x_wconf 82' lang='lat' dir='ltr'>sacrilegum</span> <span class='ocrx_word' id='word_1_300' title='bbox 950 4009 1098 4063; x_wconf 86' lang='lat' dir='ltr'>admissum</span> <span class='ocrx_word' id='word_1_301' title='bbox 1117 4009 1154 4061; x_wconf 92' lang='lat' dir='ltr'>sit</span> <span class='ocrx_word' id='word_1_302' title='bbox 1174 4007 1201 4062; x_wconf 80' lang='lat' dir='ltr'><em>G</em></span> <span class='ocrx_word' id='word_1_303' title='bbox 1265 4003 1379 4060; x_wconf 76' lang='lat' dir='ltr'>tradere</span> 
     </span>
    </p>

    <p class='ocr_par' dir='ltr' id='par_1_17' title="bbox 174 4089 1379 4175">
     <span class='ocr_line' id='line_1_31' title="bbox 174 4089 1379 4175; baseline -0.008 -19"><span class='ocrx_word' id='word_1_304' title='bbox 174 4171 175 4175; x_wconf 10' lang='grc' dir='ltr'><strong>Ἰ</strong></span> <span class='ocrx_word' id='word_1_305' title='bbox 254 4105 282 4156; x_wconf 87' lang='lat' dir='ltr'>et</span> <span class='ocrx_word' id='word_1_306' title='bbox 311 4117 448 4154; x_wconf 87' lang='lat' dir='ltr'>remouere</span> <span class='ocrx_word' id='word_1_307' title='bbox 480 4101 538 4154; x_wconf 88' lang='lat' dir='ltr'>ausi</span> <span class='ocrx_word' id='word_1_308' title='bbox 567 4099 633 4152; x_wconf 89' lang='lat' dir='ltr'>estis</span> <span class='ocrx_word' id='word_1_309' title='bbox 664 4098 690 4153; x_wconf 81' lang='lat' dir='ltr'><em>G</em></span> <span class='ocrx_word' id='word_1_310' title='bbox 806 4102 834 4153; x_wconf 88' lang='lat' dir='ltr'>et</span> <span class='ocrx_word' id='word_1_311' title='bbox 861 4116 911 4154; x_wconf 86' lang='lat' dir='ltr'>om.</span> <span class='ocrx_word' id='word_1_312' title='bbox 939 4098 1028 4153; x_wconf 83' lang='lat' dir='ltr'>RBub</span> <span class='ocrx_word' id='word_1_313' title='bbox 1141 4098 1158 4152; x_wconf 84' lang='lat'>8</span> <span class='ocrx_word' id='word_1_314' title='bbox 1186 4096 1232 4167; x_wconf 89' lang='lat' dir='ltr'>sit]</span> <span class='ocrx_word' id='word_1_315' title='bbox 1257 4094 1322 4162; x_wconf 49' lang='lat' dir='ltr'>¹sinit</span> <span class='ocrx_word' id='word_1_316' title='bbox 1347 4089 1379 4156; x_wconf 87' lang='lat' dir='ltr'>(ni</span> 
     </span>
    </p>
   </div>
   <div class='ocr_carea' id='block_1_4' title="bbox 252 4182 1378 4373">
    <p class='ocr_par' dir='ltr' id='par_1_18' title="bbox 252 4182 1378 4373">
     <span class='ocr_line' id='line_1_32' title="bbox 252 4182 1378 4286; baseline -0.012 -16"><span class='ocrx_word' id='word_1_317' title='bbox 252 4217 334 4282; x_wconf 70' lang='lat' dir='ltr'>eras.)</span> <span class='ocrx_word' id='word_1_318' title='bbox 353 4217 380 4269; x_wconf 89' lang='lat' dir='ltr'><em>B</em></span> <span class='ocrx_word' id='word_1_319' title='bbox 452 4182 504 4286; x_wconf 69' lang='lat' dir='ltr'>qui⁰</span> <span class='ocrx_word' id='word_1_320' title='bbox 518 4217 545 4285; x_wconf 86' lang='lat' dir='ltr'>(c</span> <span class='ocrx_word' id='word_1_321' title='bbox 564 4232 585 4269; x_wconf 91' lang='lat' dir='ltr'>s.</span> <span class='ocrx_word' id='word_1_322' title='bbox 606 4215 624 4269; x_wconf 76' lang='lat' dir='ltr'>l,</span> <span class='ocrx_word' id='word_1_323' title='bbox 642 4231 678 4268; x_wconf 85' lang='lat' dir='ltr'>m.</span> <span class='ocrx_word' id='word_1_324' title='bbox 696 4213 1119 4283; x_wconf 55' lang='lat' dir='ltr'>paralipomenis.)</span> <span class='ocrx_word' id='word_1_325' title='bbox 1181 4204 1378 4266; x_wconf 85' lang='lat' dir='ltr'>descenditht</span> 
     </span>
     <span class='ocr_line' id='line_1_33' title="bbox 252 4302 1352 4373; baseline 0 -17"><span class='ocrx_word' id='word_1_326' title='bbox 252 4304 268 4356; x_wconf 90' lang='lat'><strong>9</strong></span> <span class='ocrx_word' id='word_1_327' title='bbox 288 4306 316 4356; x_wconf 86' lang='lat' dir='ltr'>ct</span> <span class='ocrx_word' id='word_1_328' title='bbox 335 4309 399 4356; x_wconf 82' lang='lat' dir='ltr'>uate</span> <span class='ocrx_word' id='word_1_329' title='bbox 416 4303 516 4373; x_wconf 86' lang='lat' dir='ltr'>pignus</span> <span class='ocrx_word' id='word_1_330' title='bbox 535 4319 585 4357; x_wconf 85' lang='lat' dir='ltr'>om.</span> <span class='ocrx_word' id='word_1_331' title='bbox 604 4302 677 4358; x_wconf 85' lang='lat' dir='ltr'>RBb</span> <span class='ocrx_word' id='word_1_332' title='bbox 1348 4317 1352 4326; x_wconf 91' lang='lat'><em>·</em></span> 
     </span>
    </p>
   </div>
   <div class='ocr_carea' id='block_1_5' title="bbox 0 0 1536 5010">
    <p class='ocr_par' dir='ltr' id='par_1_19' title="bbox 0 0 1536 5010">
     <span class='ocr_line' id='line_1_34' title="bbox 0 0 1536 5010; baseline 0 2"><span class='ocrx_word' id='word_1_333' title='bbox 0 0 1536 5010; x_wconf 95' lang='lat' dir='ltr'> </span> 
     </span>
    </p>
   </div>
  </div>
 </body>
</html>
