3052 5012
449 469 568 524 Liber
595 468 768 538 quintus
799 483 820 520 c.
851 469 875 521 1.
1172 468 1233 530 121

96 665 185 728 etiam
217 665 279 730 hoc
313 665 409 744 disce,
443 665 500 729 ubi
534 684 603 730 eam
636 664 755 747 poteris
788 663 945 727 inuenire:
979 662 1063 744 apud
1085 662 1236 725 Praxeam

95 771 371 854 Patripassianum,
408 771 462 853 qui
496 790 531 835 ex
563 773 632 835 toto
660 769 762 834 filium
786 771 883 852 negat
906 772 939 832 et
960 771 1082 852 patrem
1105 786 1236 850 passum

97 897 160 942 θεεθ
184 878 357 944 contendit.
379 881 412 942 et
432 897 504 942 cum
525 877 568 942 sit
585 877 672 942 filins
692 876 742 941 dei
761 876 892 954 ueritas,
913 874 1082 957 sicutipse
1101 875 1237 939 testatur

97 984 213 1049 dicens:
239 1004 307 1068 ego
332 1004 413 1049 sum
437 984 550 1047 ianua
574 986 610 1047 et
632 985 695 1048 uia
720 985 756 1047 θῖ
778 982 923 1046 ueritas
942 1019 986 1028 —
1006 1000 1079 1066 crgo
1105 981 1132 1045 si
1150 979 1236 1043 filius

70 1091 143 1155 edei
169 1095 219 1156 est
246 1093 376 1170 ueritas,
401 1091 457 1156 ubi
479 1092 548 1176 ipsc
577 1110 639 1156 non
664 1093 723 1168 θεῖ,
747 1089 948 1154 mendacium
973 1091 1032 1153 est.
1058 1108 1130 1152 cum
1154 1087 1238 1171 apud

96 1198 362 1282 Patripassianum
395 1219 457 1264 non
492 1201 541 1264 θεῖ
574 1198 670 1277 filius
704 1217 766 1263 non
801 1198 851 1261 θεῖ
882 1215 940 1260 nec
972 1196 1102 1274 ueritas,
1127 1198 1159 1258 et
1182 1194 1238 1257 ubi

96 1305 208 1369 ueritas
241 1325 304 1370 non
337 1309 396 1384 θεῖ,
430 1306 476 1370 ibi
509 1309 558 1370 θεῖ
591 1325 673 1388 aqua
704 1305 847 1371 mendax.
874 1322 969 1386 quare
998 1303 1051 1365 uel
1080 1320 1149 1366 sero
1174 1301 1237 1364 iam

98 1411 198 1476 desine
232 1413 410 1496 confingere
445 1412 576 1477 crimina
605 1415 637 1476 et
665 1412 750 1494 quod
773 1412 805 1475 in
828 1410 1083 1493 Patripassianos
1116 1408 1238 1472 dictum

98 1521 151 1597 θεῖ,
182 1519 214 1583 in
248 1519 423 1585 catholicos
457 1520 521 1585 noli
559 1519 738 1584 transferre.
772 1538 856 1583 nunc
889 1519 1039 1599 quoniam
1071 1517 1238 1582 manifeste

65 1628 303 1691 nmonstratnm
334 1630 383 1691 θεῖ
411 1648 430 1691 a
456 1627 548 1691 nobis
574 1629 606 1690 ct
628 1646 684 1709 pro
708 1625 801 1690 nobis
827 1625 889 1689 dici
911 1625 1066 1708 potuisse,
1092 1624 1176 1705 qnod
1201 1625 1238 1690 de

99 1732 212 1797 diluuio
237 1735 268 1796 et
292 1734 533 1799 circumcisione
556 1733 685 1798 locutus
710 1752 755 1808 θε,
776 1751 972 1812 consequens
993 1733 1042 1795 θεῖ
1062 1731 1238 1808 ostendere,

99 1837 248 1918 quomodo
276 1838 405 1904 laudem
432 1840 636 1923 baptismatis
664 1841 710 1904 ita
734 1839 858 1917 dixeris,
881 1837 973 1901 utin
998 1857 1035 1902 ea
1058 1839 1160 1902 multa
1182 1858 1238 1920 pro

98 1945 183 2008 nobis
208 1947 239 2008 et
262 1965 318 2028 pro
342 1947 446 2025 uobis,
481 1947 601 2029 aliquid
634 1950 741 2012 tamen
774 1948 883 2010 contra
911 1964 980 2011 uos.
1014 1964 1071 2028 pro
1095 1942 1238 2027 utrisque

98 2051 174 2115 illud
193 2054 251 2130 θεῖ,
273 2053 359 2134 quod
383 2057 415 2118 θῖ
438 2055 530 2121 nobis
555 2061 587 2119 θῖ
610 2055 702 2120 uobis
724 2073 892 2119 commune
913 2056 972 2131 θεῖ,
992 2053 1064 2116 ideo
1085 2056 1117 2116 et
1134 2052 1239 2129 uobis,

68 2159 167 2240 aquia
195 2180 230 2224 ex
259 2162 351 2226 nobis
377 2161 497 2226 existis.
527 2162 662 2245 deniqne
687 2164 720 2226 et
743 2161 826 2243 apud
850 2180 909 2224 nos
935 2163 967 2224 et
990 2159 1074 2242 apud
1097 2177 1154 2223 nos
1177 2177 1241 2223 una
1289 2163 1292 2170 '

101 2271 146 2331 θεῖ
168 2269 382 2334 ecclesiastica
400 2269 610 2346 conuersatio,
631 2287 815 2333 communes
834 2267 998 2345 lectiones,
1019 2265 1130 2330 eadem
1149 2265 1239 2342 fides,

99 2373 164 2455 ipsa
193 2375 267 2440 fidei
299 2378 506 2454 sacramenta,
541 2375 650 2439 eadem
683 2373 843 2458 mysteria.
876 2373 956 2438 bene
980 2372 1079 2456 igitur
1100 2371 1241 2435 laudasti

99 2480 262 2563 baptisma3
303 2483 374 2566 quis
412 2483 496 2548 enim
533 2482 676 2546 fidelium
715 2481 837 2546 nesciat
878 2480 1038 2564 singulare
1080 2477 1241 2561 baptisma

100 2587 248 2653 uirtutum
280 2609 350 2654 θεεθ
383 2591 494 2668 uitam,
528 2588 696 2653 criminum
719 2589 865 2664 mortem,
895 2587 1098 2650 natiuitatem
1121 2585 1237 2649 inmor-

63 2715 84 2754 20
100 2695 198 2773 talem,
218 2697 364 2762 caelestis
379 2697 468 2781 regni
481 2695 746 2778 conparationem,
761 2694 960 2759 innocentiae
974 2695 1112 2776 portum,
1128 2709 1238 2773 pecca-

99 2802 206 2878 torum,
224 2805 261 2866 nt
281 2806 313 2867 et
336 2806 372 2866 tu
392 2802 509 2879 dixisti,
528 2801 739 2884 naufragium.
760 2800 817 2865 has
836 2819 886 2864 res
906 2799 1078 2881 unicnique
1098 2797 1238 2862 credenti

100 2925 156 2971 non
166 2909 304 2974 eiusdem
315 2910 360 2973 rei
372 2909 543 2992 operarius
557 2908 613 2973 sed
633 2907 789 2972 credentis
806 2906 883 2971 fides
898 2909 931 2970 θῖ
945 2905 1069 2970 trinitas
1084 2907 1235 2988 praestat.

180 3117 272 3171 410h.
294 3118 336 3180 14,
356 3118 373 3171 6

134 3258 145 3310 1
173 3259 252 3311 ctiam
279 3257 348 3312 hanc
376 3259 439 3320 RB,
469 3261 497 3312 et
522 3258 592 3312 hanc
619 3273 634 3310 o
710 3257 833 3310 inuenire
862 3259 910 3310 aut
937 3255 1081 3308 flexionem
1110 3270 1236 3323 praxeam

101 3349 196 3413 patr...
217 3347 289 3402 RBo
314 3347 397 3416 (apud
421 3347 547 3400 Flauium
574 3346 685 3413 eccae),
709 3346 831 3398 inuenire
855 3344 927 3415 apud
945 3343 1089 3397 hebionem
1120 3341 1146 3395 G
1175 3343 1235 3408 (cfr.

98 3459 187 3526 ples,
199 3462 242 3526 14)
316 3461 590 3531 2patriPassianum
605 3461 662 3515 BG
717 3477 769 3531 que
790 3461 866 3514 exB
938 3422 1237 3530 negat(t8.l.m.1)B

101 3565 198 3616 passum
216 3567 266 3604 om.
286 3551 314 3603 B
385 3551 504 3604 dianna
522 3552 568 3604 nia
587 3551 688 3604 ueritas
710 3553 738 3603 et
756 3551 815 3604 nita
836 3549 862 3602 G
936 3550 959 3602 si
979 3551 1009 3617 (s.
1031 3549 1048 3602 Ζ.
1068 3565 1102 3601 m.
1122 3549 1152 3613 2)
1171 3544 1235 3606 RB,

101 3679 143 3718 om.
165 3663 204 3719 Ge
265 3665 378 3719 6Patri
396 3667 536 3735 passiones
559 3664 602 3720 Ge
676 3668 718 3719 est
736 3669 765 3719 et
783 3665 862 3720 uerit.
879 3664 912 3730 G,
934 3667 976 3717 θεῖ
993 3664 1059 3718 nd
1132 3663 1237 3730 deque

102 3751 123 3820 (a
134 3770 153 3806 a.
168 3753 185 3807 1.
199 3771 232 3808 m.
248 3757 278 3822 2)
292 3756 320 3810 R
392 3755 437 3809 nei
449 3755 503 3808 iam
517 3772 575 3809 sero
589 3755 614 3809 G
687 3771 746 3808 sero
757 3771 837 3823 quam
847 3754 882 3820 B,
893 3770 951 3807 sero
963 3768 1041 3822 qnae
1052 3754 1130 3818 (corr.
1146 3749 1235 3804 Coctt.

101 3840 157 3909 iam)
209 3842 225 3896 8
236 3842 404 3912 confringere
415 3844 438 3911 (r
442 3845 524 3912 prins
535 3843 585 3896 del.
597 3859 630 3898 m.
642 3844 672 3909 2)
687 3842 711 3896 G
771 3841 847 3895 Patri
856 3841 982 3911 passiano
992 3839 1027 3903 B,
1040 3839 1198 3907 (conterret.)
1208 3837 1236 3892 R

101 3929 192 3984 dnunc
206 3932 311 4001 questio
325 3931 510 3986 manifesteB
570 3930 835 3984 manifestissimeG
892 3930 925 3983 10
939 3927 1089 3982 etanobis
1107 3926 1133 3980 G
1186 3944 1234 3996 pro

101 4017 170 4072 nobis
183 4019 233 4074 dici
250 4020 293 4075 Ge
348 4021 444 4074 dixiB
500 4021 531 4074 11
548 4018 711 4089 esspecRB
759 4019 791 4071 12
805 4019 845 4071 ita
858 4023 883 4072 et
897 4017 984 4070 multa
998 4033 1049 4070 om.
1067 4016 1093 4070 G
1145 4015 1178 4069 13
1193 4018 1234 4069 ta·

103 4111 195 4162 menet
211 4109 252 4164 Gb
268 4111 300 4163 14
320 4112 347 4163 et
367 4109 445 4163 uobis
464 4127 514 4165 ena
534 4109 605 4165 RBo
697 4111 729 4163 15
745 4108 817 4178 apud
830 4125 879 4161 nos
895 4111 922 4161 et
937 4107 1009 4176 apud
1021 4105 1112 4159 θεεθ
1185 4121 1234 4157 nes

104 4199 127 4247 θῖ
139 4198 204 4268 apud
218 4216 293 4253 omo
358 4201 391 4253 17
406 4199 475 4269 ipsa]
490 4198 583 4252 eadem
599 4199 658 4268 ipsa
673 4199 743 4252 coni.
758 4196 847 4250 (loeti.
918 4197 952 4250 18
967 4197 1106 4265 singurare
1122 4195 1145 4264 (r
1153 4193 1235 4261 prins

104 4299 153 4351 exp.
166 4288 211 4341 scd
222 4288 294 4342 nihil
307 4290 387 4352 corr.)
404 4287 429 4342 θ
486 4287 518 4340 19
534 4303 592 4340 θεεθ
606 4303 656 4340 om.
671 4302 687 4340 o
743 4287 777 4340 20
787 4287 954 4355 peccatorem
966 4285 1021 4354 (um
1031 4284 1050 4337 i.
1061 4299 1111 4351 orep.
1122 4299 1156 4337 m.
1168 4285 1197 4350 2)
1208 4280 1234 4334 G

105 4371 132 4425 21
150 4379 177 4428 nt
194 4381 224 4430 tu
241 4379 299 4447 ipse
320 4377 412 4432 dixisti
433 4377 458 4433 G
550 4376 675 4440 credente
696 4376 716 4443 (i
734 4376 753 4429 i.
773 4392 822 4444 rap.
842 4392 876 4428 m.
896 4377 925 4440 2)
949 4373 983 4437 G,
1004 4390 1054 4428 ont.
1074 4370 1162 4426 RBcb
