3064 5010
454 432 476 484 l.
498 430 600 484 Gesta
619 432 705 502 apud
725 432 951 502 Zenophilum.
1207 436 1269 498 189

121 654 138 692 a
160 633 343 692 Nundinario
368 632 506 691 diacono:
533 631 636 704 „testis
661 634 704 690 est
724 631 855 690 Christus
874 577 1001 778 ffngeli
1025 631 1113 703 ebus,
1135 631 1271 706 quoniam

120 723 311 793 tradiderunt,
338 721 442 796 quibus
466 721 711 790 communicastis
735 720 766 778 id
790 722 835 778 est
853 722 987 779 Sruanus
1012 739 1029 778 a
1048 721 1127 779 (lirta
1149 721 1272 779 traditor

121 815 165 870 θεῖ
188 813 217 870 θῖ
240 812 286 869 fur
309 829 404 869 rerum
427 827 601 884 pauperum,
631 810 709 883 quod
733 827 832 868 omnes
856 826 910 868 uos
934 809 1073 884 episcopi,
1097 811 1269 884 presbyteri,

120 902 267 971 diacones,
298 900 427 958 seniores
451 899 533 957 scitis
558 899 593 957 de
618 899 838 973 quadringentis
861 898 979 958 follibus
1004 899 1144 970 Lucillae,
1169 900 1270 958 claris-

90 991 209 1049 ssimae
242 990 380 1059 feminae,
414 1005 466 1062 pro
502 1005 558 1062 quo
592 989 677 1047 uobis
711 988 900 1059 somniastis,
933 990 967 1046 ut
998 988 1080 1046 fleret
1111 989 1270 1048 Maiorinus

121 1080 284 1153 episcopus,
310 1078 428 1136 atinde
451 1076 560 1135 factum
585 1079 630 1135 est
652 1077 792 1147 schisma;
821 1095 888 1135 nam
914 1081 942 1136 et
964 1077 1064 1136 Uictor
1086 1077 1157 1136 lullo
1180 1079 1271 1136 uestri

119 1168 286 1242 praesentia
309 1169 338 1225 et
360 1167 462 1242 populi
486 1166 566 1224 dedit
588 1166 672 1226 folles
696 1167 811 1241 uiginti,
835 1169 869 1225 ut
891 1167 985 1226 factus
1011 1168 1087 1225 esset
1109 1168 1269 1242 presbyter,

120 1258 198 1332 quod
222 1257 278 1316 scit
302 1257 432 1315 Christus
457 1257 486 1314 et
509 1255 606 1329 angeli
631 1256 723 1315 eius“
958 1247 959 1252 ¹

162 1347 201 1404 Εῖ
233 1346 385 1404 recitatum
419 1348 464 1403 est
500 1346 660 1418 exemplum
698 1344 857 1418 epistulae:
899 1346 1079 1420 „Purpurius
1117 1344 1270 1419 episcopus

79 1451 101 1489 ro
119 1435 237 1494 Siluano
263 1435 434 1508 coepiscopo
458 1433 488 1491 in
513 1434 629 1493 domino
658 1434 790 1494 salutem.
828 1433 910 1492 uenit
937 1436 973 1492 ad
1000 1453 1046 1494 me
1069 1434 1269 1500 Nundinarius

79 1569 81 1575 .
120 1525 261 1584 diaconus
293 1523 370 1582 filius
403 1525 503 1581 noster
531 1526 560 1581 et
586 1523 679 1597 petiit,
706 1513 762 1582 ¹bas
791 1523 903 1582 litteras
937 1523 1151 1598 deprecatorias
1180 1542 1197 1582 a
1224 1542 1269 1582 me

119 1615 155 1672 ad
178 1617 217 1685 te,
244 1613 436 1683 sanctissime,
462 1612 625 1686 dirigerem,
654 1615 695 1682 ut,
726 1612 750 1670 si
778 1612 840 1671 fieri
867 1616 976 1686 posset,
1005 1631 1062 1687 pax
1089 1613 1166 1670 inter
1187 1615 1216 1670 te
1242 1616 1270 1670 et

118 1704 213 1776 ipsum
248 1703 295 1762 sit.
329 1703 384 1761 hoc
418 1701 494 1759 enim
526 1701 593 1760 uolo
626 1701 698 1772 fieri,
727 1703 760 1758 ut
787 1719 871 1760 nemo
901 1703 983 1774 sciat,
1014 1702 1084 1776 qnid
1111 1703 1187 1760 inter
1215 1719 1268 1761 nos

119 1794 231 1866 agatur,
257 1792 282 1850 si
305 1790 433 1850 uolueris
457 1789 565 1864 scripto
590 1793 650 1861 tuo,
675 1793 708 1848 ut
732 1793 761 1848 et
784 1808 837 1865 ego
861 1792 940 1850 solus
963 1791 1004 1850 ibi
1022 1792 1054 1848 in
1072 1810 1103 1849 re
1120 1792 1266 1866 praesent'

79 1897 100 1934 ιε
118 1882 233 1940 ueniam
263 1883 291 1938 et
319 1879 530 1938 dissensionem
557 1879 650 1952 ipsam
679 1880 714 1938 de
741 1879 818 1938 inter
843 1898 896 1939 uos
925 1883 1080 1954 amputem.
1104 1898 1192 1938 manu
1215 1898 1268 1938 sua

118 1971 194 2028 enim
217 1969 290 2028 mihi
313 1969 434 2027 tradidit
455 1969 584 2026 libellum
614 1969 656 2027 rei
684 1972 794 2042 gestae,
822 1987 874 2044 pro
905 1988 961 2042 qua
990 1987 1077 2028 causa
1104 1972 1154 2028 tuo
1182 1987 1266 2042 prae-

118 2062 200 2134 cepto
229 2057 319 2117 fuerit
344 2058 502 2132 lapidatus.
541 2075 601 2116 non
634 2061 679 2116 est
710 2075 820 2129 uerum,
856 2062 888 2117 ut
914 2062 997 2133 pater
1026 2059 1149 2132 castiget
1176 2059 1266 2117 filium

118 2151 218 2208 contra
252 2148 413 2218 ueritatem,
449 2148 479 2204 et
510 2146 581 2217 scio,
610 2147 678 2220 quia
705 2165 775 2206 uera
803 2151 879 2218 sunt,
910 2166 983 2222 quae
1010 2148 1040 2206 in
1068 2146 1167 2207 libello
1195 2148 1267 2206 milri

117 2238 223 2297 tradito
259 2240 329 2295 sunt
362 2237 538 2310 conscripta.
564 2253 668 2310 quaere
701 2237 874 2308 remedium,
900 2254 956 2310 quo
985 2238 1071 2297 modo
1094 2237 1203 2311 poterit
1225 2237 1266 2295 ibi

77 2337 99 2374 20
118 2327 286 2401 malignitas
318 2326 376 2384 ista
408 2325 547 2399 extingui,
581 2328 736 2399 antequam
768 2326 884 2384 flamma
917 2329 1061 2401 exsurgat,
1095 2344 1168 2400 quae
1198 2330 1268 2401 post

118 2417 230 2474 demum
256 2415 386 2489 extingui
409 2431 468 2474 non
491 2414 600 2488 poterit
622 2415 684 2473 sine
708 2416 849 2489 sanguine
872 2416 1008 2490 spiritali.
1037 2416 1173 2474 adhibete
1197 2433 1265 2474 con-

118 2506 238 2564 clericos
254 2507 282 2564 et
297 2504 426 2562 seniores
442 2503 537 2578 plebis
552 2503 766 2564 ecclesiastic-os
785 2506 863 2564 uiros
884 2508 913 2563 θῖ
930 2505 1080 2580 inquirant
1099 2505 1263 2578 diligenter,

118 2612 188 2668 quae
218 2597 288 2652 sunt
315 2593 388 2652 istae
417 2592 624 2663 dissensiones,
653 2596 686 2651 nt
715 2611 758 2665 ea,
789 2612 862 2667 quae
890 2595 972 2666 fiunt,
1006 2596 1165 2653 secundum
1196 2595 1264 2652 fidei

115 2689 273 2758 praecepta
303 2682 384 2740 fiant.
421 2699 481 2741 non
515 2681 675 2740 declinabis
708 2684 745 2740 ad
778 2683 924 2741 dexteram
957 2685 1004 2742 uel
1037 2685 1073 2742 ad
1106 2684 1262 2754 sinistram,

78 2773 240 2832 2⁵libenter
273 2775 370 2830 autem
403 2789 501 2829 aurem
534 2772 709 2830 commodare
737 2772 813 2830 nolis
840 2773 924 2830 malis
953 2773 1185 2843 instructoribus,
1216 2773 1264 2847 qui

115 2863 218 2920 nolunt
241 2879 353 2936 pacem.
389 2877 488 2919 omnes
510 2877 565 2918 nos
590 2860 722 2919 occiditis
829 2864 858 2919 et
881 2862 938 2920 alia
960 2880 1060 2920 manu:
1085 2863 1181 2920 uale.“

157 2953 234 3009 item
275 2949 436 3023 exemplum
474 2949 630 3023 epistulae:
676 2951 855 3024 „Purpurius
893 2952 1048 3026 episcopus
1086 2951 1198 3010 clericis
1236 2954 1265 3009 et

115 3040 281 3104 senioribus
302 3037 476 3097 Cirtensium
499 3039 530 3096 in
555 3039 670 3097 domino
696 3040 843 3098 aeternam
862 3041 998 3098 salutem!
1025 3041 1130 3099 clamat
1147 3041 1263 3114 Moyses
1273 3060 1317 3097 eoa

115 3130 150 3187 ad
183 3146 300 3188 omnem
332 3130 464 3187 senatum
497 3127 622 3186 filiorum
648 3129 741 3187 Israel
766 3129 893 3203 dixitque
925 3130 994 3200 illis,
1019 3147 1101 3206 quae
1130 3130 1263 3188 dominus

74 3228 97 3267 ³⁰
114 3218 213 3277 iub'eat
236 3217 310 3276 fieri.
345 3217 407 3275 sine
432 3217 554 3276 oonsilio
579 3217 724 3276 seniorum
748 3218 821 3276 nihil
845 3220 995 3293 agebatur.
1023 3220 1123 3294 itaque
1148 3222 1177 3277 et
1198 3237 1262 3290 uoS,

115 3306 267 3378 carissimi,
302 3323 374 3379 quos
407 3306 467 3365 scio
502 3323 615 3364 omnem
648 3307 822 3381 sapientiam
855 3310 1009 3367 caelestem
1043 3312 1071 3367 et
1103 3309 1263 3382 spiritalem

113 3396 231 3467 habere,
263 3395 341 3454 omni
368 3399 468 3454 uestra
495 3395 602 3453 uirtute
631 3397 809 3470 cognoscite,
840 3415 913 3471 quae
942 3399 980 3455 sit
1007 3398 1149 3456 dissensio
1179 3398 1261 3469 haec,

115 3487 141 3542 et
167 3485 322 3560 perducite
350 3484 387 3542 ad
415 3501 527 3558 pacem.
567 3485 639 3543 dicit
667 3486 743 3544 enim
771 3486 971 3545 Nundinarius
1000 3487 1150 3558 diaconus
1185 3488 1262 3560 quod

201 3637 214 3689 1
237 3652 278 3705 sq.
299 3634 344 3688 cfr.
364 3635 433 3705 Aug.
454 3653 475 3690 c.
496 3635 584 3691 Oresa.
605 3636 655 3694 III.
676 3639 710 3691 29
765 3640 782 3693 6
802 3638 848 3693 cfr.
870 3638 964 3710 Optat.
985 3639 1028 3703 20,
1050 3639 1084 3692 14

145 3723 313 3778 2oirtha0
363 3724 595 3794 3presbiterei0
639 3727 702 3780 4de
719 3729 811 3798 quadr.
825 3729 883 3782 foll.
899 3729 930 3782 ia
949 3729 972 3783 0
984 3729 1085 3783 omisso
1099 3747 1132 3782 erc
1145 3730 1261 3798 August.

112 3796 199 3919 εθέρῑζ
262 3796 369 3921 jum}
388 3797 481 3921 {onsul
499 3796 564 3922 telibx
586 3798 610 3852 0
626 3801 715 3864 (error
734 3817 766 3854 ea
784 3801 936 3884 conpendio
956 3819 977 3855 c.
997 3801 1015 3854 f.
1034 3806 1119 3883 actas
1136 3801 1260 3869 uidetur)

112 3881 142 3989 ii
168 3868 252 4007 aisti
272 3884 386 4021 ,tet
404 3911 502 4006 ’θθθ
572 3871 910 4010 l‘iequlalutbltf'a
934 3873 1006 3996 a?
1019 3872 1265 4010 tullissit&

113 4008 145 4088 id
168 4009 294 4063 'uoluerit
320 4010 350 4063 D
421 4013 469 4064 tuo
497 4015 595 4080 agatur
622 4013 731 4082 (agatur
758 4031 828 4068 erus.
849 4021 874 4069 et
902 4015 1007 4068 laeuae
1037 4019 1055 4068 3
1083 4016 1149 4082 litt.)
1179 4020 1210 4069 ut
1240 4017 1264 4070 0

112 4077 150 4131 rbi
167 4095 220 4134 om.
241 4081 272 4134 D
336 4082 369 4134 15
390 4081 434 4150 de]
452 4083 571 4149 fortasse
590 4083 688 4137 deinde
751 4086 783 4139 16
803 4103 884 4140 causa
902 4087 986 4140 fuerit
1003 4088 1051 4138 tuo
1070 4104 1109 4157 pr.
1129 4086 1212 4156 lapid.
1231 4089 1261 4142 D

112 4150 142 4202 21
164 4151 258 4205 adhib.
278 4169 338 4205 cum
358 4153 468 4206 clericos
491 4153 515 4207 0
585 4155 619 4208 23
638 4156 694 4208 sint
712 4156 742 4210 D
819 4159 854 4211 24
872 4158 907 4211 ad
926 4159 1087 4212 dextera...
1109 4159 1219 4213 sinistra
1240 4161 1263 4214 0

114 4221 316 4290 (cfr.p.190,8)
354 4225 467 4278 25mali
481 4225 743 4282 instructionibusC
776 4230 810 4282 27
825 4229 1000 4284 itemetedd.
1051 4232 1260 4300 postepistolae

111 4296 233 4374 spatium
256 4298 293 4348 12
316 4295 367 4349 litt.
392 4301 417 4348 et
439 4296 470 4349 ia
488 4314 515 4350 a.
534 4314 573 4366 sq.
600 4299 704 4352 laroma
726 4302 743 4352 5
762 4301 823 4365 ltu,
846 4303 969 4370 sequitur
992 4301 1095 4354 clericis
1123 4301 1145 4354 0
1168 4305 1259 4374 (Purp.

113 4379 190 4432 eprsc.
212 4366 279 4421 cdd.
299 4366 336 4434 B)
392 4367 427 4421 28
447 4369 664 4424 cirthensiumO
707 4372 741 4424 29
761 4372 795 4425 ad
813 4373 900 4428 om.0
954 4373 987 4426 30
1006 4374 1110 4442 itaque]
1129 4375 1221 4428 itane
1240 4377 1263 4430 0
