3064 5010
245 371 311 434 166
579 371 605 424 R
635 370 774 440 optati
799 371 1030 423 Mileuituni

242 579 315 626 arca
333 561 468 626 feliciter
485 563 517 626 in
538 562 659 627 diluuio
679 563 853 646 nauigaret.
877 563 1008 647 longum
1028 565 1139 627 331113
1158 583 1215 646 per
1232 565 1374 647 singulos,

240 668 300 749 qui
324 668 392 733 sine
415 671 487 752 lege
510 669 633 733 inuenti
656 672 732 734 sunt
753 669 841 736 iusti.
870 669 948 734 haec
972 670 1000 733 si
1023 688 1041 732 a
1064 669 1181 733 uestris
1204 671 1374 751 parentibus

238 794 296 840 333
316 778 461 858 tempore
480 776 669 854 dicerentur,
686 776 757 858 quis
773 796 826 841 eos
847 796 864 839 a
884 777 1103 840 commuuione
1123 795 1181 840 sua
1198 777 1374 859 repelleret?

242 882 343 964 quid?
365 883 392 946 si
408 882 549 947 dicerent
567 902 628 947 non
649 882 761 946 debere
786 883 912 947 silentio
927 883 1099 965 praeteriri,
1119 883 1204 964 quod
1223 886 1375 965 apostolus

240 986 277 1050 de
313 990 555 1074 extralegalibus
589 990 648 1053 ait:
682 992 825 1074 gentes
850 1009 942 1071 quae
975 990 1096 1074 legem
1125 990 1313 1066 nesciunt,
1340 1011 1406 1055 eae

241 1115 335 1176 quae
359 1097 463 1180 legis
484 1099 582 1174 sunt,
602 1097 765 1172 faciunt,
789 1095 929 1182 habent
949 1097 1043 1160 enim
1063 1097 1184 1179 legem
1206 1089 1383 1179 scriptam

239 1201 279 1264 in
304 1202 485 1267 cordibus
511 1203 601 1270 3313.
626 1223 697 1267 33111
722 1205 755 1267 31
776 1203 870 1266 multi
893 1203 1066 1285 probantur
1087 1202 1118 1266 iu
1147 1204 1218 1286 lege
1237 1222 1376 1285 peccasse

242 1311 273 1372 et
296 1309 391 1372 multi
414 1309 493 1374 bene
518 1310 585 1375 siue
607 1312 679 1394 lege
702 1310 829 1376 uixisse.
867 1312 916 1374 131
944 1313 976 1374 31
1003 1309 1097 1374 homo
1123 1309 1202 1374 duae
1226 1329 1275 1375 res
1298 1314 1374 1389 3331,

240 1414 296 1479 sed
315 1435 406 1498 pares
427 1435 496 1481 esse
516 1436 577 1481 non
596 1420 745 1499 possunt:
771 1436 832 1481 nou
853 1416 935 1480 euim
954 1416 1049 1480 homo
1068 1417 1171 1480 133133
1193 1421 1241 1480 331
1258 1423 1377 1500 propter

240 1523 357 1606 legem,
392 1524 448 1588 sed
480 1525 529 1586 lex
562 1524 634 1588 data
667 1528 717 1588 331
748 1527 876 1607 propter
906 1523 1061 1588 homines.
1103 1543 1259 1605 nusquam
1291 1525 1375 1589 uideo
1393 1548 1412 1583 lu
1457 1520 1459 1524 ’

242 1629 394 1693 damnum
416 1630 551 1694 inlatum
576 1631 645 1709 deo,
670 1630 746 1694 dum
770 1633 802 1693 et
825 1630 911 1713 origo
940 1630 1021 1714 legis
1050 1630 1134 1713 apud
1163 1649 1235 1693 eum
1267 1635 1374 1695 manet.

242 1738 274 1798 et
296 1738 466 1819 postquam
490 1738 646 1820 scriptura
668 1737 786 1802 3331113
809 1737 992 1820 parentibus
1016 1737 1131 1800 tradita
1160 1757 1229 1801 esse
1258 1737 1374 1813 dicitur,

242 1842 320 1906 nibil
344 1841 443 1920 deest,
468 1844 574 1907 omnia
595 1845 736 1908 membra
758 1844 840 1927 legis
865 1863 941 1908 sana
965 1847 1048 1918 suut,
1078 1845 1166 1908 salua
1195 1847 1278 1921 suut,
1305 1845 1374 1908 reci-

239 1952 361 2014 tantur:
391 1949 471 2014 311111
494 1951 600 2015 minus
625 1955 674 2015 est
697 1951 735 2015 de
758 1952 830 2033 lege
864 1955 896 2015 et
923 1952 1033 2015 docere
1064 1954 1095 2015 et
1121 1951 1226 2016 doceri
1256 1952 1374 2035 cupien-

235 2056 333 2121 tibus.
360 2077 398 2120 au
422 2057 502 2120 illud
528 2062 594 2122 3131
616 2059 717 2142 magis
741 2059 965 2134 necessarium,
994 2061 1031 2121 ut
1058 2058 1254 2122 occideretur
1275 2058 1374 2133 homo,
1393 2079 1412 2115 o
1512 2073 1513 2146 1

236 2182 274 2226 ue
291 2163 447 2245 scriptura
462 2164 568 2244 aliqua
591 2165 786 2229 traderetur?
811 2165 908 2247 quid?
932 2165 1018 2247 quod
1040 2183 1098 2228 nec
1121 2164 1265 2228 homines
1285 2165 1376 2229 occisi

235 2272 366 2333 suntet
390 2289 497 2334 omnes
532 2271 704 2353 scripturae
736 2291 799 2336 nou
833 2271 958 2336 desunt.
991 2277 1054 2336 ndu
1084 2275 1132 2336 est
1155 2293 1254 2336 uuum
1277 2273 1325 2335 lex
1347 2275 1376 2334 31

237 2376 328 2440 deus'
351 2375 378 2440 si
400 2396 456 2457 pro
477 2377 534 2441 deo
556 2378 755 2442 moriendum
773 2378 886 2455 fuerat,
907 2379 960 2462 qui
980 2381 1013 2442 31
1030 2378 1219 2442 resuscitare
1238 2381 1374 2443 mortuos

236 2485 269 2546 et
291 2481 421 2546 reddere
444 2484 621 2565 praemium
644 2487 761 2566 potest,
785 2483 866 2548 liber
888 2503 950 2548 uon
973 2483 1109 2548 traditus
1129 2483 1167 2547 de
1188 2483 1311 2549 duobus
1329 2485 1374 2548 his

235 2608 293 2652 nec
318 2591 452 2653 alterum
476 2591 592 2672 potest.
627 2590 750 2672 inpedit
773 2589 872 2674 igitur
895 2590 1069 2654 necessitas
1092 2590 1176 2654 uires
1202 2610 1286 2655 suas.
1317 2611 1374 2656 nou
1391 2611 1411 2647 3

238 2697 344 2760 minus
373 2696 519 2762 uidemus
543 2697 776 2780 neglegentiam
799 2697 979 2778 frequenter
1001 2698 1131 2779 operari,
1156 2716 1251 2780 quam
1273 2717 1373 2762 neces-

237 2803 317 2867 sitas
342 2808 470 2885 operata
494 2806 552 2870 est.
590 2823 662 2882 uam.
687 2804 714 2868 si
737 2804 937 2868 membranae
961 2808 1016 2868 331
1038 2804 1120 2881 libri,
1145 2805 1261 2886 quibus
1285 2806 1374 2888 scrip-

225 2912 305 2973 tura
342 2911 486 2994 legitima
525 2911 716 2976 continetur.
749 2911 780 2974 iu
814 2914 918 2975 totum
952 2911 1068 2974 debent
1098 2911 1217 2975 inlaesa
1250 2912 1373 2988 seruari,

235 3017 325 3097 quasi
349 3037 412 3081 nou
432 3017 618 3081 danrnautur
636 3017 734 3099 aliqui
757 3018 971 3101 neglegentes
995 3037 1057 3081 nou
1077 3021 1127 3081 est
1143 3019 1238 3102 longe
1257 3018 1373 3082 tradere

235 3143 252 3186 3
275 3124 358 3186 male
381 3142 496 3205 ponere
521 3127 576 3187 aut
598 3124 680 3187 male
708 3123 797 3187 13113.
827 3124 905 3188 31131
931 3125 963 3187 13
992 3124 1086 3189 domo
1114 3125 1231 3189 librum
1259 3125 1372 3206 posuit,
1390 3144 1410 3182 aa

233 3249 314 3310 quae
331 3230 444 3294 domus
460 3229 604 3294 incendio
623 3234 819 3294 concremata
833 3234 896 3295 est:
917 3231 1091 3308 damnetur,
1107 3231 1161 3313 qui
1175 3218 1374 3316 neglegenter

236 3337 355 3419 posuit,
385 3338 414 3402 si
441 3338 635 3402 damnandus
665 3341 723 3403 est.
757 3339 811 3419 qui
842 3339 1068 3422 postulandum
1099 3339 1217 3403 librum
1248 3339 1371 3402 territus

235 3444 331 3510 dedit.
374 3444 562 3509 damnentur
593 3445 689 3508 etiam
719 3445 778 3521 1111,
812 3447 866 3526 qui
898 3447 1058 3531 neglectas
1091 3446 1288 3509 membranas
1322 3447 1372 3508 aut

238 3551 336 3615 libros
368 3551 413 3615 ita
445 3555 628 3634 posuerunt,
662 3555 699 3615 ut
731 3572 785 3617 333
818 3552 1009 3617 domesticae
1043 3552 1206 3628 bestiolae,
1239 3553 1298 3616 hoc
1327 3553 1373 3614 est

233 3677 340 3722 mures
364 3658 409 3722 113
432 3659 630 3738 corroserint,
654 3663 691 3722 31
713 3660 778 3743 legi
800 3679 862 3724 uon
889 3661 1023 3743 possint.
1062 3660 1228 3723 damnetur
1256 3658 1409 3730 stillano

237 3765 291 3846 qui
306 3765 351 3828 113
364 3766 396 3828 iu
417 3765 509 3831 domo
528 3767 646 3851 posuit,
666 3771 703 3831 31
721 3768 884 3831 nimietate
902 3768 1081 3850 pluuiarum
1102 3768 1147 3831 sic
1166 3769 1251 3830 tecta
1270 3766 1371 3847 aliqua

237 3871 400 3936 stillicidia
432 3872 639 3955 deliquarent,
672 3877 708 3936 ut
737 3875 840 3938 omnia
862 3874 993 3938 humore
1023 3874 1203 3938 oblitterata
1226 3873 1288 3956 legi
1312 3892 1369 3936 nou

320 4079 794 4139 rmdmoommam

266 4204 755 4276 dmmblfflmmmb
820 4201 1368 4276 fflmmfflfflmb2ffifflw

232 4293 617 4363 2MwaNJmw
673 4296 904 4350 ffimmmb
