3148 5020
237 419 314 484 XVI
698 415 918 470 Praefatio.
948 409 951 414 ’

239 615 355 696 potest,
367 613 451 695 quod
466 613 525 678 sub
537 613 683 677 ultimam
695 610 840 696 Origenis
851 612 1210 695 homiliamargumenta
1222 609 1384 675 omnium

241 717 349 801 Optati
363 718 516 783 librorum
534 717 700 801 praemisit
722 717 802 782 libro
826 717 940 800 primo.
963 719 1127 799 praeterea
1141 715 1316 780 notandum
1336 718 1385 779 est

240 825 387 890 omisisse
418 825 663 890 Montfaucon
694 821 794 911 (bibl
815 823 1018 890 bibliotbeear¹
1045 825 1088 900 Π,
1120 821 1220 908 1134)
1252 822 1384 906 Sanger-
1412 831 1415 838 '

241 951 424 997 manensem
447 920 550 1011 illum,
585 932 639 1014 qui
671 933 740 996 eius
773 934 877 996 aetate
900 931 985 996 haud
1009 931 1104 995 dubie
1128 931 1160 994 in
1184 930 1335 995 coenobio
1360 948 1383 994 s.

241 1039 390 1104 Germani
413 1038 599 1103 adseruatus
623 1042 673 1103 est
696 1037 769 1121 (cfr.
792 1057 933 1102 aoaaeaa
955 1039 1050 1102 troile
1071 1036 1090 1103 i.
1115 1036 1151 1118 l.)

286 1144 411 1210 Codicis
436 1144 656 1225 quaterniones
675 1145 813 1208 numeris
838 1147 913 1208 sunt
936 1143 1064 1228 signati,
1082 1144 1114 1208 in
1134 1144 1234 1208 altera
1253 1142 1386 1226 quisque

240 1252 369 1334 pagina
400 1251 453 1334 qui
481 1249 635 1334 Optatam
663 1251 819 1328 exhibent,
848 1251 907 1316 ita:
934 1253 990 1319 iol.
1016 1253 1079 1316 238
1105 1257 1124 1333 ip
1147 1251 1246 1327 XXX,
1274 1251 1386 1316 11246
1485 1253 1488 1257 ’

241 1359 357 1435 XXXI,
381 1358 403 1426 f.
429 1359 492 1422 254
511 1358 652 1436 XXXII,
667 1357 689 1424 f.
715 1359 779 1421 262
798 1359 946 1438 XXXIII,
970 1359 991 1425 f.
1017 1359 1082 1424 270
1101 1357 1265 1423 XXXIIII.
1290 1375 1388 1420 menr-

243 1468 340 1531 brana
362 1466 546 1549 plerumque
571 1483 677 1530 crassa
701 1467 733 1529 et
754 1465 877 1551 integra
900 1467 1083 1530 attenuatur
1105 1464 1178 1529 inde
1198 1483 1215 1528 a
1233 1463 1287 1530 fol.
1312 1463 1388 1539 271,

241 1591 360 1657 rugosa
381 1575 470 1637 tactu
495 1575 545 1636 est
566 1572 621 1638 iol.
646 1572 832 1640 273-275.

288 1680 392 1745 Codex
425 1680 479 1762 qui
510 1680 716 1763 inscriptione
749 1681 789 1745 ad
819 1681 890 1748 libr.
919 1681 935 1745 I
962 1699 1091 1764 prorsus
1126 1681 1220 1758 caret,
1255 1679 1293 1742 ab
1327 1695 1389 1741 uno

242 1787 369 1852 librario
393 1786 583 1852 nitidissime
609 1787 814 1870 scriptus-
841 1785 891 1852 De
913 1789 1062 1868 scriptore
1087 1785 1215 1852 Tabulis
1240 1783 1336 1849 Caici
1349 1783 1390 1869 (1)

242 1893 385 1958 Iaaioris
414 1894 448 1957 in
479 1893 595 1958 ultima
625 1895 741 1978 pagina
779 1894 900 1958 addidit
939 1913 1053 1960 manus
1094 1892 1315 1986 recentissima
1350 1925 1385 1936 -

242 2019 400 2084 perpauca
432 2000 617 2084 correctoris
650 2001 758 2064 manui
795 2001 979 2066 recentioris
1014 2001 1144 2084 reliquit
1184 1996 1389 2063 emendanda.
1430 2077 1432 2086 Ι

244 2107 300 2172 sed
322 2125 424 2188 neque
447 2107 594 2172 librarius
618 2127 721 2190 neque
745 2111 902 2174 comestor
923 2109 1071 2174 lacunam
1089 2109 1184 2190 paulo
1205 2105 1390 2187 ampliorem

242 2214 477 2298 intellexerunt,
511 2233 591 2297 quae
616 2235 634 2279 a
660 2215 715 2280 fol.
746 2216 823 2278 271·
848 2215 962 2298 incipit
985 2215 1134 2280 etunius
1158 2213 1226 2278 folii
1251 2211 1390 2294 spatium

245 2320 471 2402 complect'tur
494 2319 542 2406 (p.
568 2322 620 2401 55,
647 2321 689 2408 3).
715 2341 854 2387 unumne
873 2322 987 2388 lolium
1005 2321 1211 2398 interciderit,
1230 2339 1286 2403 pro
1307 2319 1389 2382 certo

201 2455 204 2464 =
245 2427 393 2490 affirmari
417 2447 478 2492 non
501 2429 618 2510 potest,
644 2427 717 2510 quia
742 2429 984 2510 quaternionum
1009 2429 1172 2512 signatura
1194 2427 1227 2490 in
1250 2427 1390 2491 101270
1513 2451 1516 2456 Δ

245 2533 383 2599 occurrit
400 2535 528 2610 ultima;
548 2531 722 2599 uerisimile
742 2537 850 2600 contra
864 2542 914 2600 est
926 2535 1039 2601 folium
1058 2535 1139 2599 illud
1157 2534 1221 2598 iarn
1241 2533 1389 2611 defuisse,

245 2660 319 2706 cum
347 2639 444 2705 codex
470 2640 683 2708 bibliothecae
705 2642 961 2724 Petropolitanae
989 2642 1175 2720 traderetur,
1205 2639 1289 2723 quod
1317 2641 1391 2702 tunc

244 2747 397 2829 temporis
422 2747 564 2831 singulae
587 2748 661 2812 libri
682 2748 816 2832 paginae
841 2749 998 2814 continuis
1012 2749 1163 2813 numeris
1187 2747 1393 2832 signabantur

246 2854 313 2918 sine
336 2855 404 2918 ulla
427 2853 533 2918 damni
555 2855 678 2920 notitia.

96 2961 97 2964 ’
149 2976 151 2980 ·
227 3044 229 3047 .
290 2961 463 3026 Rarissime
496 2961 691 3044 compendiis
725 2964 757 3026 et
788 2962 934 3046 ligaturis
959 2983 1036 3028 usus
1071 2966 1121 3028 est
1147 2961 1306 3039 librarius,
1331 2958 1393 3022 nisi

246 3087 381 3151 quorum
418 3087 497 3133 usus
525 3071 575 3132 est
601 3069 788 3134 tritissimus
821 3073 925 3136 uelut:
959 3070 1102 3144 ebriatae,
1131 3069 1214 3144 deae,
1238 3067 1392 3144 deminae,

244 3166 378 3256 spirituo
412 3178 539 3239 coactas
574 3175 645 3240 alia.
680 3175 718 3240 de
749 3177 844 3242 rebus
877 3177 1128 3263 orthographicis
1164 3177 1243 3240 haec
1275 3191 1391 3238 memo·

246 3282 318 3344 ratu
358 3280 453 3364 digna
488 3281 656 3347 uidentur:
696 3281 729 3368 1)
769 3289 977 3350 consonantes
1014 3288 1179 3349 mutantur
1214 3283 1392 3359 aistiaaas,
1439 3275 1440 3279 ’

247 3387 441 3462 11111111111,
493 3389 619 3464 crisma,
669 3373 1042 3466 successatricibus
1092 3389 1162 3478 (sed
1204 3392 1262 3456 sub
1299 3389 1394 3453 finem

248 3493 367 3558 codicis
403 3495 656 3580 schisma-ticos),
689 3497 856 3579 aatbioeia,
898 3499 1003 3579 creba,
1038 3499 1172 3574 ceribus,
1204 3497 1395 3580 chartaginis
1525 3519 1527 3527 ·

248 3599 402 3676 ebatedre,
431 3600 539 3677 cbirta,
568 3602 757 3684 eboriatbirb,
786 3604 974 3683 alectorias,
1002 3605 1180 3686 sepulchra·
1203 3605 1393 3689 blasfemare,

239 3705 379 3788 faretra,
391 3706 512 3791 srppie,
524 3709 682 3790 pamfilio,
695 3711 838 3794 profeta·
856 3711 1020 3788 scribtara,
1038 3713 1194 3791 scribtam,
1214 3711 1393 3797 (deflebam,

250 3811 306 3876 sed
329 3812 447 3892 optalit.
477 3815 511 3897 2)
533 3816 677 3880 uocales:
701 3817 938 3897 adpraehensos,
962 3819 1129 3896 aedaeitos,
1149 3818 1394 3902 eoapraebeadit,

248 3919 449 4000 conpraessit,
470 3940 616 4003 preessae
622 3941 633 3999 ,·
647 3923 753 3998 decia,
767 3923 921 4000 initialia,
927 3924 1228 4008 plibeaaprepieisse,
1240 3925 1394 4010 colligerit,

249 4025 308 4088 sed
330 4026 447 4103 taedam
469 4029 633 4106 aamedia;
656 4029 775 4112 calicia,
793 4031 946 4114 oppillara,
959 4033 1164 4114 prosylitara,·
1178 4031 1397 4115 1111111114ῑὶ-

252 4151 357 4196 eaaas.
387 4133 520 4216 denique
548 4136 687 4202 notanda
715 4140 790 4202 sunt
821 4139 937 4220 eclesia,
960 4141 1163 4221 paradissas,
1190 4140 1395 4222 procreatio,

250 4238 433 4320 derelipaid,
465 4243 585 4327 iaqaid,
618 4243 743 4308 eebolas
775 4243 843 4330 (cfr.
876 4247 1035 4322 Rbnsch,
1062 4247 1150 4312 Itala
1170 4269 1206 4329 p.
1236 4249 1315 4312 457:
1349 4265 1396 4310 za·
1502 4289 1503 4294 κ

252 4345 348 4410 butus
365 4374 405 4401 =
421 4347 566 4414 diabolus
585 4352 656 4436 aa).
676 4352 948 4435 praepositionum
962 4373 1042 4436 quae
1057 4357 1191 4419 uocatur
1205 4352 1397 4418 adsimilatio
