3148 5020
651 471 869 526 Praeiatio.
1250 475 1336 542 XLV

182 663 367 731 firmissimo
404 665 598 730 recensionis
634 665 840 731 fundamento
873 670 957 732 recte
989 669 1134 748 hahetur,
1167 670 1207 735 ad
1240 691 1335 754 qnam

184 789 294 837 omncs
322 770 396 835 libri
423 774 535 856 postea
557 773 685 856 repetiti
708 773 896 838 referuntur.
921 775 1038 840 etenim
1062 777 1336 860 praestantissima

183 877 331 943 codicum
358 876 471 944 Rana
499 877 657 960 praesidia
685 897 701 943 e
729 880 868 944 tenebris
902 880 1053 964 protraxit
1079 881 1249 963 Dupinius‚
1285 889 1336 950 sat

183 985 288 1050 multa
319 985 359 1050 ad
391 984 623 1050 emendandum
655 987 778 1052 tentum
811 985 992 1068 expiscatus
1025 987 1065 1052 ad
1096 1007 1237 1072 unguem
1270 990 1335 1057 fere

185 1092 291 1156 omnia
323 1091 553 1174 complanant,
587 1091 633 1156 ita
659 1095 698 1156 ut
728 1111 886 1175 nusquam
917 1099 1036 1159 temera
1068 1096 1126 1159 ent
1156 1095 1336 1163 inconsulte

181 1198 375 1281 peccauerit,
389 1197 445 1262 ubi
460 1197 587 1265 errauit.
609 1217 670 1281 quc
687 1201 772 1264 esset
787 1199 859 1264 usui
875 1199 973 1266 editio
987 1200 1133 1278 habilior,
1149 1207 1337 1286 argumenta

184 1305 314 1370 concisa
335 1304 535 1388 singulorum
565 1305 708 1387 capitum
730 1306 867 1390 margini
889 1306 1070 1390 adscripsit,
1099 1308 1336 1375 adnotationem

184 1411 327 1476 criticam
346 1411 448 1476 textui
467 1411 614 1489 subiecit,
635 1412 770 1476 aliorum
783 1415 875 1479 notas
894 1417 928 1478 et
947 1433 1021 1479 suas
1039 1416 1198 1499 apposuit.
1223 1415 1335 1499 Optati

181 1517 283 1582 libros
294 1518 455 1601 excipiunt
463 1517 675 1602 praefationes
686 1523 719 1583 et
728 1519 948 1586 adnotationes
959 1520 1121 1600 Balduini,
1131 1521 1337 1607 Albaspinaei

119 1617 123 1626 '
184 1625 436 1703 obseruationes,
465 1628 674 1689 monumenta
701 1627 811 1690 uetera
834 1625 874 1690 ad
896 1626 1138 1694 Donatistarum
1168 1629 1335 1696 historiam

182 1731 385 1814 pertinentia,
409 1731 541 1796 indices.
1114 1725 1117 1733 ’

229 1839 278 1903 Dc
306 1837 437 1921 reliquis
467 1836 579 1920 Optati
607 1837 800 1904 editionibus
830 1837 1080 1919 Schoenemanni
1108 1841 1336 1908 bibliothecam
1416 1910 1419 1918 ,

182 1942 558 2010 historico-litterariam
595 1947 722 2029 patrum
753 1945 925 2010 latinorum
958 1944 1002 2032 (p.
1031 1947 1056 2026 Ι,
1086 1948 1151 2011 343
1179 1946 1240 2035 sq.)
1273 1967 1335 2014 non

184 2050 254 2116 sine
278 2051 384 2116 fructu
408 2051 521 2116 adibis.

231 2155 294 2222 Sed
317 2157 503 2241 priusquam
524 2156 734 2240 disputationi
752 2157 847 2222 finem
866 2157 992 2236 faciam,
1011 2159 1123 2241 paucis
1143 2178 1335 2227 commemo·

182 2263 319 2328 randum
344 2265 394 2328 est
415 2263 540 2346 praeter
563 2263 701 2342 editores
729 2281 825 2346 supra
848 2263 997 2330 laudatos
1021 2265 1176 2330 Mericum
1203 2265 1336 2332 (lasau-

182 2368 334 2447 bonum‚
358 2369 465 2452 ipsum
481 2367 590 2452 Optati
615 2368 767 2434 editorem
783 2367 933 2455 (Londiui
959 2370 1059 2456 1631)
1083 2373 1115 2436 et
1135 2369 1234 2455 Gasp.
1250 2373 1336 2438 Ber·

182 2474 310 2539 thium
321 2475 445 2540 debitas
459 2493 533 2558 prae
549 2475 664 2540 ceteris
678 2473 740 2540 sibi
753 2474 865 2540 laudes
885 2475 1059 2558 parauisse.
1080 2478 1271 2543 nostratium
1290 2479 1336 2543 in·

184 2579 280 2664 genia
294 2581 401 2647 nescio
417 2600 480 2664 qua
493 2581 616 2668 ratione
627 2579 738 2665 Optati
747 2581 837 2647 libris
849 2601 961 2665 parum
971 2582 1094 2648 intenta
1104 2583 1262 2663 uidentur,
1274 2604 1336 2650 non

183 2705 249 2769 quo
281 2705 412 2771 prorsus
435 2687 468 2751 in
492 2686 655 2752 obliuione
687 2687 820 2764 iaceret3
853 2688 953 2754 immo
982 2690 1099 2755 citatur
1126 2690 1337 2756 Mileuitanus

182 2793 240 2860 ille
278 2794 458 2878 episcopus,
487 2793 683 2876 ubicumque
721 2793 759 2858 dc
796 2793 1038 2860 Donatistarum
1080 2797 1336 2864 contentionibus

185 2901 303 2984 agitur,
328 2900 385 2965 sed
407 2919 529 2979 uereor,
553 2904 591 2964 ut
609 2900 805 2982 frequentius
829 2901 963 2986 legatur,
986 2902 1112 2986 saepius
1136 2903 1337 2987 inspiciatur:

183 3007 330 3090 plerique
360 3025 399 3072 ne
435 3007 573 3072 nominis
612 3007 740 3090 quidem
768 3008 916 3073 notitiam
944 3008 1071 3076 habent.
1105 3013 1245 3074 attamen
1274 3030 1336 3076 non

183 3132 316 3194 prorsus
353 3115 543 3197 torpuerunt
567 3115 687 3179 studia
724 3112 909 3197 Optatiana:
948 3115 1115 3194 vociter,
1155 3117 1336 3196 Dentsch‚

184 3219 395 3297 Duchesne‚
417 3219 510 3285 Seelr
534 3219 652 3303 aliique
672 3221 914 3286 Donatistarum
933 3223 1336 3305 tempora'studiosissime

183 3327 417 3408 perlustrantes
440 3325 543 3392 iacere
567 3345 630 3392 non
658 3329 841 3411 potuerunt,
872 3326 947 3410 quin
977 3324 1088 3410 Optati
1120 3329 1217 3394 libros
1247 3349 1337 3395 ercn-

184 3434 301 3510 terent,
310 3434 349 3520 et
362 3451 436 3497 cum
452 3431 562 3499 Oarolc
577 3433 746 3498 Paucher
760 3433 960 3518 Hermanuus
974 3434 1123 3501 Rbnsch
1138 3439 1340 3518 praematura

185 3539 279 3604 nobis
302 3541 403 3604 morte
424 3542 552 3622 ereptus
570 3539 700 3605 illorum
717 3540 916 3625 ingeniorum
936 3559 1049 3624 agmen
1068 3542 1175 3626 coegit
1192 3561 1246 3608 sex
1265 3545 1338 3608 ante

186 3665 287 3712 annos
317 3645 355 3710 de
384 3643 494 3730 Optati
527 3666 641 3731 genere
670 3646 795 3712 dicendi
823 3647 989 3732 disputans
1023 3645 1144 3732 (Ztsch.
1174 3647 1196 3712 f.
1225 3651 1336 3714 bstcrr.

187 3751 304 3836 Gymn.
339 3752 436 3830 1884,
468 3772 499 3836 p.
525 3752 587 3839 401
619 3750 695 3838 sq.);
727 3752 797 3835 ipse
831 3771 889 3837 ego
922 3751 1235 3834 quaestiuncularum
1268 3773 1337 3837 spe-

187 3848 292 3924 cimen
316 3857 437 3924 contuli
461 3857 501 3922 ad
523 3857 658 3922 Donec
683 3857 946 3924 llicdoboeeaseaa
979 3859 1022 3944 (p.
1053 3860 1128 3938 168)
1159 3861 1338 3943 nupenime

187 3965 322 4033 editum.
359 3964 566 4030 nihilominus
602 3964 726 4050 ingrata
763 3965 898 4048 quadem
936 3965 1097 4030 obliuione
1135 3965 1268 4034 obrutus
1304 3966 1336 4029 in

185 4072 454 4138 bibliothecarum
487 4071 612 4138 scriniis
643 4071 724 4136 latet
755 4070 903 4156 Optatus,
938 4089 974 4136 er
1003 4091 1064 4155 quo
1098 4071 1256 4156 Dupinius
1288 4091 1337 4136 re-

186 4179 338 4244 censione
370 4197 429 4244 sua
461 4177 547 4243 edita
579 4180 612 4242 et
646 4177 761 4244 iterata
792 4178 910 4244 criseos
946 4177 1152 4242 fundamenta
1187 4181 1340 4262 posuerat

188 4286 348 4378 duratura.
369 4286 426 4352 sed
443 4285 588 4352 nondum
599 4285 639 4350 ad
655 4287 774 4351 calcem
790 4285 958 4350 decursum
973 4288 1036 4350 est:
1051 4304 1160 4350 ueram
1175 4285 1338 4368 scriptoris

188 4413 318 4458 manum
342 4393 531 4459 rimantibus
557 4392 643 4458 etin
667 4392 726 4458 hac
751 4392 898 4468 editione,
923 4410 1004 4474 quae
1022 4391 1213 4457 limatiorem
1231 4411 1336 4457 recen-
