3148 5020
289 419 331 482 18
633 414 659 468 S.
686 412 826 484 Optati
851 413 1085 467 Mileuitani

287 610 394 675 Africa
422 610 507 674 sicut
536 613 568 674 et
596 608 627 672 in
658 609 770 674 ceteris
799 608 972 691 prouinciis
1001 627 1064 672 una
1092 611 1159 672 erat
1182 609 1327 673 ecclesia.
1353 611 1441 672 ante-

289 736 383 799 quam
407 716 604 781 diuideretur
627 717 666 780 ab
691 715 923 781 ordinatoribus
947 715 1104 791 Maiorini,
1135 715 1226 780 cuius
1254 718 1290 778 tu
1318 714 1441 779 heredi·

288 825 401 889 tariam
430 823 613 888 cathedram
643 822 745 888 sedes.
779 822 954 887 uidendum
983 827 1043 890 est.
1073 823 1144 904 quis
1172 823 1205 886 in
1233 822 1337 886 radice
1366 841 1441 886 cum

289 934 358 997 toto
384 932 458 996 orbe
482 929 643 1008 manserit,
668 929 739 1013 quis
763 929 847 994 foras
872 929 990 1006 exierit,
1021 929 1092 1011 quis
1117 928 1298 993 cathedram
1322 927 1442 992 sederit

288 1039 430 1116 alteram,
447 1055 527 1119 quae
547 1037 619 1100 ante
634 1055 695 1100 non
710 1035 823 1113 fuerat,
843 1035 914 1117 quis
935 1036 1044 1099 eontra
1063 1036 1160 1099 altare
1180 1035 1276 1099 altare
1297 1033 1439 1098 erexerit.
1470 1056 1481 1093 a

289 1143 361 1226 quis
395 1141 626 1208 ordinationem
658 1141 770 1206 fecerit
802 1142 892 1206 saluo
922 1142 1020 1206 altero
1050 1141 1204 1218 ordinato,
1238 1141 1309 1223 quis
1337 1141 1442 1205 iaceat

290 1251 350 1314 sub
375 1248 533 1313 sententia
555 1248 704 1312 Iohannis
729 1247 876 1331 apostoli,
901 1248 956 1330 qui
980 1247 1058 1312 dixit
1084 1248 1204 1313 multos
1233 1247 1440 1312 antichristos

271 1335 372 1422 'foras
402 1355 559 1420 exituros:
594 1355 682 1437 quia
715 1374 785 1418 non
819 1357 940 1432 erant,
974 1355 1092 1436 inquit,
1127 1355 1265 1431 nostri,
1299 1373 1381 1418 nam
1413 1355 1441 1418 si

190 1475 193 1482 ’
290 1462 414 1528 nostri
443 1463 587 1540 essent,
615 1462 850 1526 mansissent
877 1462 1084 1526 nobiscum.
1119 1481 1194 1545 ergo
1224 1461 1278 1543 qui
1309 1461 1341 1524 in
1374 1481 1439 1525 uno

290 1589 362 1634 cum
391 1569 541 1633 fratribus
568 1587 695 1634 manere
724 1569 837 1647 noluit,
866 1569 1043 1633 haereticos
1071 1571 1203 1634 secutus
1237 1568 1327 1650 quasi
1360 1568 1440 1630 anti·
1459 1587 1481 1625 ro

289 1676 428 1741 christus
451 1675 535 1740 foras
560 1675 668 1740 exiuit.

334 1785 386 1848 16.
418 1783 489 1848 Hoc
517 1782 601 1866 apud
634 1781 859 1865 Carthaginem
897 1786 972 1864 post
1009 1782 1238 1848 ordinationem
1268 1780 1441 1846 Caeciliani

287 1891 408 1955 factum
444 1909 514 1954 esse
547 1908 640 1954 nemo
675 1885 747 1974 [est]
781 1888 836 1969 qui
869 1888 999 1964 nesciat,
1033 1907 1088 1970 per
1115 1888 1271 1952 Lucillam
1305 1887 1439 1951 scilicet.

288 1998 396 2063 nescio
430 2017 526 2079 quam
558 1997 709 2060 feminam
737 1995 915 2072 factiosam,
945 2014 1024 2076 quae
1053 1998 1126 2059 ante
1155 2013 1342 2060 concussam
1369 2012 1441 2076 per·

289 2105 462 2169 secutionis
491 2103 672 2168 turbinibus
700 2121 821 2186 pacem,
852 2102 928 2165 dum
956 2101 1059 2166 adhuc
1086 2102 1118 2165 in
1147 2101 1318 2183 tranquillo
1353 2102 1443 2165 esset
1459 2120 1480 2158 15

290 2211 438 2286 eeclesia,
473 2230 546 2274 cum
578 2211 808 2294 eorreptionem
842 2209 1053 2275 archidiaconi
1087 2208 1257 2274 Caeciliani
1290 2205 1438 2294 [Lucilla]

288 2317 368 2381 ferre
397 2335 458 2380 non
487 2320 615 2400 posset3
649 2335 729 2398 quae
758 2319 830 2380 ante
860 2316 1035 2398 spiritalem
1064 2316 1172 2380 cibum
1201 2319 1233 2379 et
1260 2318 1371 2397 potum
1404 2334 1439 2378 os

288 2422 395 2486 neseio
420 2423 511 2487 cuius
534 2424 693 2506 martyris,
719 2423 745 2486 si
768 2425 875 2486 tamen
898 2422 1055 2506 martyris,
1085 2423 1182 2488 libare
1207 2421 1380 2497 dicebatur,
1408 2423 1441 2484 et

290 2548 363 2593 cum
377 2533 584 2612 praeponeret
598 2529 689 2594 calici
705 2529 837 2594 salutari
856 2548 891 2594 os
911 2529 1017 2594 nescio
1038 2529 1129 2594 euius
1148 2529 1287 2594 hominis
1305 2528 1440 2592 mortui-

291 2639 323 2700 et
347 2636 373 2699 si
397 2637 542 2720 martyris
568 2637 623 2701 sed
647 2637 782 2700 necdum
806 2635 969 2712 uindicati,
990 2638 1133 2719 correpta
1157 2655 1230 2700 cum
1254 2636 1441 2700 confusione
1457 2649 1481 2688 2⁰

379 2886 473 2977 aron.
494 2939 535 2992 ep.
557 2922 578 2986 1,
598 2923 623 2986 a,
644 2923 677 2974 19

325 3114 535 3170 2maiorianiG
589 3115 806 3169 3inradicemB
859 3081 1021 3184 tquiiora's
1037 3119 1094 3182 (ss.
1110 3116 1127 3170 1.
1142 3133 1176 3168 m.
1192 3117 1222 3182 2)
1238 3115 1266 3170 R
1320 3115 1440 3168 baltare

290 3208 384 3260 contra
402 3203 488 3257 altare
500 3203 533 3256 ob
554 3205 597 3270 (ut
609 3220 638 3271 p.
660 3205 701 3268 21,
717 3204 770 3268 13).
792 3204 908 3257 alterum
922 3204 1006 3256 altare
1020 3219 1070 3256 om.
1087 3203 1169 3270 G(ia
1182 3219 1232 3272 mo.
1248 3202 1343 3270 adorea
1357 3219 1391 3254 m.
1409 3206 1439 3268 2)

290 3322 306 3374 6
326 3286 402 3375 salue:
420 3320 448 3375 R
468 3320 547 3386 (corr.
566 3334 600 3371 m.
620 3321 643 3383 1)
716 3319 788 3372 iacet
805 3318 841 3384 B,
860 3319 963 3372 iacerat
979 3317 1005 3372 G
1024 3321 1067 3386 (m.
1088 3321 1108 3372 2
1126 3335 1139 3370 r
1157 3317 1286 3386 apuam)
1343 3318 1358 3369 7
1378 3333 1440 3371 sen-

289 3589 363 3640 ma
419 3585 452 3638 10
470 3601 578 3638 manere
598 3556 657 3637 cnm
675 3583 852 3638 fratribusG
909 3584 941 3638 12
961 3550 1127 3655 castaginem
1147 3586 1175 3638 B
1240 3587 1273 3639 13
1290 3602 1370 3639 nemo
1392 3585 1440 3655 qui

288 3675 395 3728 nesciat
406 3673 485 3739 PBo,
500 3690 579 3727 nemo
593 3675 635 3727 est
654 3673 716 3743 quie
737 3675 759 3740 (s
779 3689 848 3728 eras.
861 3673 983 3742 radetur)
999 3677 1104 3729 nesciat
1115 3675 1169 3739 Ro,
1185 3675 1245 3744 quis
1258 3675 1362 3728 nesciat
1376 3678 1440 3742 (om.

289 3822 368 3860 nemo
383 3805 475 3875 esua
530 3807 563 3860 14
576 3807 762 3876 persecutione
775 3823 898 3876 pacemo
954 3809 987 3860 15
1006 3807 1183 3877 intranquillo
1197 3808 1225 3861 B
1279 3773 1439 3871 1611111111,-

290 3895 398 3949 diaconi
416 3895 443 3948 P
488 3895 582 3949 lucilla
601 3911 652 3950 om.
671 3896 715 3961 bd,
733 3897 871 3950 uacuam
886 3898 1007 3966 clessam
1025 3897 1186 3951 aciatimcms
1242 3897 1273 3950 17
1293 3910 1348 3961 non·
1368 3897 1438 3950 ferre

289 4029 627 4097 non(eap.nonm.2)B
716 4031 804 4099 possit
823 4031 843 4096 (i
861 4035 958 4084 motat.
978 4031 1009 4084 aba
1028 4033 1052 4095 e)
1072 4029 1101 4082 P
1184 4029 1222 4100 os]
1243 3995 1335 4083 omncs
1355 4031 1438 4095 (corr.
1546 4063 1547 4080 1

292 4216 384 4306 othe
397 4251 424 4303 a
444 4251 504 4317 (cfr.
525 4251 542 4304 r.
563 4251 608 4320 11)
663 4249 697 4305 ao
721 4217 839 4305 manns
858 4251 886 4304 a
908 4255 982 4306 aa
1052 4251 1185 4306 arnusto
1210 4253 1308 4320 (aaa.
1332 4252 1365 4304 a
1387 4269 1438 4320 my.

291 4339 336 4393 uel
353 4338 467 4392 indicati
486 4354 519 4391 m.
540 4341 569 4406 2)
592 4339 625 4404 G,
646 4340 796 4404 uindicanti
814 4340 842 4392 B
914 4340 1105 4406 confusioste
1127 4339 1153 4395 G
1173 4341 1259 4410 (hyat.
1278 4357 1312 4394 m.
1332 4341 1362 4408 2)
