3064 5010
476 308 497 359 l.
518 306 618 362 Gesta
638 306 723 376 apud
742 304 966 375 Zenophilum.
1224 305 1282 367 191

140 527 206 566 nam
226 509 364 568 salutem!
389 507 471 564 uenit
493 507 530 563 ad
549 505 690 563 metilius
709 521 791 561 meus
810 501 1010 560 Nundinarius
1031 500 1170 559 diaconus
1189 503 1287 558 uester

141 603 170 656 et
201 597 302 656 retulit
325 597 360 654 de
393 613 436 666 ea,
467 612 540 670 quae
564 596 665 653 contra
687 610 741 652 000
765 595 834 650 sunt
856 594 953 665 gesta;
982 607 1036 649 nee
1063 607 1122 648 non
1146 589 1287 664 utiquea

139 686 223 746 uobis
249 686 349 745 debuit
372 685 508 759 conponi,
533 701 569 742 ne
593 685 713 741 uentum
742 683 829 751 esset,
858 684 891 739 ut
917 681 1005 738 talem
1033 679 1178 738 insaniam
1205 679 1286 754 passi

139 795 156 833 a
184 776 289 849 quibus
315 775 517 849 lapidarentur
544 791 596 848 pro
625 773 759 842 ueritate,
790 771 867 844 quod
896 773 925 828 et
952 787 1005 828 uos
1035 771 1063 827 et
1090 785 1143 827 uos
1167 769 1288 864 001000οζΙΙ

41 919 44 926 .
108 865 226 923 0010011
248 865 334 925 00110
357 864 513 933 retulistis3
544 865 573 920 et
596 863 735 936 scriptum
759 863 818 918 est:
846 876 913 918 non
942 861 995 916 est
1023 858 1167 932 sapiens
1193 857 1284 932 quis*

139 972 238 1026 quam
261 956 355 1013 inter
377 970 449 1023 uos,
471 952 528 1027 qui
550 951 667 1026 possit
690 950 852 1009 iudicare
876 949 971 1006 inter
994 947 1147 1005 fratres?
1171 948 1232 1004 sed
1253 950 1285 1004 et

137 1044 250 1101 frater
273 1061 345 1102 cum
368 1042 478 1100 fratre
502 1041 691 1111 iudicatur,
716 1040 777 1098 sed
801 1039 892 1114 apud
915 1037 1097 1108 infideles,
1123 1037 1209 1096 sicuti
1231 1053 1284 1094 uos

138 1150 202 1190 eum
225 1133 257 1190 in
279 1132 386 1190 iudicio
410 1148 470 1190 non
492 1130 654 1189 intenditis.
679 1129 721 1188 sic
745 1128 856 1187 adhoc
876 1127 1004 1185 exilitum
1024 1129 1076 1196 est,
1097 1124 1284 1199 uigentibus

137 1223 238 1280 demus
261 1222 320 1279 tale
346 1221 516 1295 exemplum,
542 1223 583 1290 ut,
609 1220 658 1293 qui
686 1236 738 1292 per
765 1235 819 1276 nos
848 1219 900 1275 deo
926 1217 1093 1286 credebant,
1118 1215 1175 1297 ipsi
1199 1214 1283 1273 nobis

94 1327 117 1362 10
136 1311 324 1381 maledicant,
346 1311 462 1368 eumad
480 1309 628 1384 publicum
647 1307 851 1382 peruenimus?
872 1324 939 1381 erge
954 1323 990 1364 ne
1010 1305 1047 1363 ad
1065 1306 1125 1377 hort
1139 1304 1282 1374 ueniatur,
1360 1333 1362 1336 ·

135 1418 198 1470 uos,
225 1401 275 1473 qui
299 1400 444 1474 spiritales
469 1399 549 1469 estis,
568 1397 666 1468 facite,
691 1401 723 1456 ut
741 1414 825 1455 nemo
846 1396 928 1466 sciat,
949 1398 982 1452 ut
1001 1382 1155 1468 cumpace
1174 1393 1284 1467 pascha

135 1490 315 1548 celebremus
340 1493 367 1547 et
389 1489 544 1547 hortemini
569 1506 616 1546 eos
639 1487 705 1562 paci
729 1486 913 1545 reconciliari
938 1488 966 1543 et
990 1484 1134 1542 dissensio
1155 1483 1281 1552 nonsit,

133 1596 180 1649 ne,
207 1596 272 1636 cum
297 1579 333 1636 ad
355 1578 504 1652 publicum
527 1579 646 1635 uentum
669 1577 767 1646 fuerit,
795 1574 944 1649 incipiatis
975 1577 1003 1631 et
1029 1590 1083 1631 uos
1111 1573 1281 1646 periclitari,

133 1668 158 1725 si
191 1668 247 1726 hoc
279 1666 388 1725 factum
420 1667 518 1738 fuerit,
553 1669 581 1725 et
612 1669 714 1740 postea
745 1665 831 1724 uobis
864 1663 1015 1738 inputetis.
1056 1661 1163 1720 dabitis
1197 1678 1281 1735 quam

92 1773 114 1808 ra
134 1756 259 1828 plurime
286 1759 328 1828 10,
356 1774 508 1830 possessor
534 1756 642 1815 Donati
670 1756 828 1829 presbyter,
858 1753 966 1827 singuli
993 1752 1091 1810 Ualeri
1120 1753 1149 1808 et
1171 1751 1280 1821 Uictor,

133 1846 182 1918 qui
208 1846 305 1903 omnia
328 1846 410 1903 scitis
434 1848 509 1915 acta,
534 1845 600 1902 date
625 1862 750 1918 operam,
775 1846 808 1901 ut
829 1861 886 1917 pax
910 1843 948 1916 sit
970 1842 1152 1900 uobiscum.“

175 1935 253 1992 Item
277 1935 334 1992 alia
356 1935 490 1993 recitata:
518 1936 573 2007 „In
597 1934 711 1992 domino
740 1936 887 1991 aeternam
915 1932 1054 1990 salutem!
1085 1929 1220 2004 peruenit
1243 1929 1334 1986 adara

132 2041 185 2082 nos
209 2023 412 2082 Nundinarius
435 2024 512 2081 filius
535 2027 612 2094 tuus,
632 2041 690 2082 non
709 2026 821 2081 tautum
846 2023 882 2080 ad
906 2039 951 2079 me
975 2020 1027 2078 sed
1051 2022 1080 2078 et
1102 2020 1140 2077 ad
1162 2018 1279 2076 fratrom

130 2116 264 2172 nostrum
288 2114 402 2171 Fortem
428 2116 456 2171 et
479 2130 597 2186 grauem
621 2114 767 2185 querelam
791 2111 928 2170 referens.
948 2110 1037 2168 miror
1055 2108 1195 2182 grauitati
1213 2111 1279 2165 tuae

89 2217 112 2254 20
131 2203 174 2260 sic
197 2205 227 2260 te
254 2203 347 2276 egisse
371 2220 435 2261 cum
458 2202 548 2259 filium
571 2204 663 2272 tuum,
694 2219 778 2276 quem
806 2204 838 2259 tu
866 2200 984 2258 nutristi
1013 2201 1041 2256 et
1070 2197 1221 2257 ordinasti.
1254 2197 1278 2254 si

130 2292 207 2348 enim
242 2291 404 2349 aedificium
436 2294 529 2349 terrae
563 2294 702 2349 structum
727 2291 774 2360 sit,
807 2307 867 2348 non
891 2289 1007 2347 additur
1040 2287 1109 2361 quid
1143 2287 1277 2356 caeleste,

130 2380 209 2453 quod
232 2397 286 2454 per
309 2398 425 2438 manum
441 2381 600 2439 sacerdotis
620 2381 806 2438 aedificatur?
831 2380 960 2438 sednon
980 2377 1097 2436 esttibi
1116 2376 1278 2434 mirandum

130 2469 278 2542 scriptura
301 2471 427 2550 dicente:
448 2471 589 2544 perdam
609 2469 823 2543 sapientiam
843 2467 1057 2542 sapientium
1077 2469 1109 2524 et
1126 2466 1278 2539 pruden-

128 2559 214 2616 tiam
249 2550 473 2632 p'rudentium
497 2560 702 2632 reprobabo,
728 2559 881 2618 etiterum
910 2557 994 2615 dicit:
1031 2555 1152 2630 potius
1191 2554 1278 2642 dile3

87 2650 257 2705 rexerunt
277 2648 435 2706 homines
458 2649 623 2707 tenebras
651 2648 761 2721 magis
791 2665 887 2721 quam
915 2648 1041 2717 lucem,
1071 2644 1157 2703 sicuti
1186 2646 1215 2702 et
1246 2646 1278 2700 1

126 2736 213 2795 iacis,
254 2737 380 2794 sufficiat
410 2737 495 2795 uobis
529 2737 625 2796 omnia
662 2738 746 2795 scire.
781 2754 869 2810 super
897 2737 973 2809 quod
1003 2737 1032 2792 et
1058 2735 1148 2792 frater
1179 2736 1278 2791 noster

127 2826 229 2884 Fortis
263 2826 318 2884 tibi
345 2827 471 2900 scripsit,
501 2844 578 2884 nunc
605 2827 738 2900 petierim
768 2827 803 2884 de
832 2826 951 2884 caritate
980 2827 1039 2895 tua,
1073 2824 1163 2881 frater
1194 2822 1277 2881 beni-

127 2915 281 2988 gnissime,
306 2918 338 2973 ut
361 2916 503 2990 subpleas.
523 2916 631 2974 dictum
654 2916 759 2974 Esaiae
782 2916 957 2990 prophetae:
988 2913 1157 2987 expellite
1179 2911 1276 2970 mali-

127 3005 302 3078 gnitatem
332 3005 371 3062 de
400 3006 525 3064 animis
553 3006 686 3064 uestris
716 3008 748 3063 et
780 3005 900 3063 uenite
929 3005 1162 3077 disputemus,
1188 3001 1277 3058 dicit

85 3109 108 3146 ao
127 3093 301 3163 dominus
326 3094 494 3152 etiterum:
523 3095 675 3169 proicite
699 3096 823 3153 malum
847 3093 1021 3152 demedio
1045 3094 1209 3149 uestrum.
1235 3091 1276 3148 sic
1356 3140 1366 3168 ‚

127 3186 155 3240 et
182 3187 216 3240 tu
246 3183 306 3240 fac:
340 3184 464 3258 subiuga
492 3186 522 3241 et
549 3187 646 3242 auerte
676 3183 849 3242 seditionem
883 3201 991 3252 eorum,
1031 3182 1080 3254 qui
1121 3181 1276 3240 noluerunt

126 3289 190 3330 esse
218 3289 322 3346 pacem
348 3272 425 3330 iuter
450 3276 479 3330 te
509 3275 537 3331 et
563 3273 654 3330 filium
681 3277 771 3331 tuum.
811 3274 863 3330 sed
885 3273 962 3330 filius
985 3282 1052 3329 1000
1074 3271 1274 3329 Nundinarius

179 3457 488 3529 ’5100011500Ι
553 3460 651 3512 aeus.
672 3460 715 3521 29,
736 3459 895 3521 reddor.
916 3461 941 3523 1,
962 3460 995 3512 19
1063 3458 1175 3512 241011.
1195 3459 1220 3520 3,
1242 3458 1274 3510 19

125 3529 489 3594 28010.Εο.1,161018
545 3529 690 3585 selber.
710 3532 735 3596 ὃ,
756 3532 790 3585 13

160 3655 177 3706 6
198 3657 227 3706 01
248 3670 298 3706 om.
318 3654 377 3707 edd.
416 3658 430 3708 7
451 3655 507 3724 sed]
529 3660 556 3708 et
573 3655 624 3708 hoc
643 3655 673 3708 D
727 3673 787 3709 cum
802 3657 884 3710 fratre
899 3657 998 3710 iudicio
1019 3654 1159 3708 contendit
1178 3657 1206 3708 et
1223 3654 1275 3706 hoc

125 3724 197 3793 apud
217 3724 345 3778 Messoa.
406 3743 454 3778 uos
472 3744 543 3780 nunc
561 3727 589 3780 in
608 3727 708 3780 iudicio
728 3728 891 3781 contenditis
910 3728 940 3781 D
993 3730 1009 3780 9
1030 3727 1085 3779 tale
1110 3729 1136 3793 (”
1151 3729 1232 3790 cras.)
1254 3725 1277 3778 Ο

125 3798 155 3848 11
190 3796 322 3864 pascham
356 3797 380 3849 O
509 3799 542 3852 15
573 3799 686 3868 Donati]
719 3800 803 3852 Donti
836 3799 866 3852 D
898 3800 945 3865 (de
974 3799 1080 3852 Doata'o
1116 3799 1273 3866 presbytero

127 3867 251 3920 Cirtense'
264 3869 313 3932 cfr.
328 3869 377 3935 fol.
389 3869 423 3921 22
433 3868 463 3935 b)
478 3871 597 3937 fortasse
610 3870 761 3939 presbyteri
776 3870 876 3938 singuli
890 3870 1061 3925 scribendam
1098 3870 1131 3922 16
1143 3872 1231 3922 actum
1244 3869 1273 3927 0,

124 3942 250 3991 actutum
280 3938 317 3996 D.
349 3943 410 3993 1011
449 3942 547 4009 scrapsa'
691 3959 773 4011 opera
807 3941 830 3995 0
973 3943 1005 3995 17
1035 3940 1159 4009 recitata]
1196 3940 1274 3993 fratri

124 4009 240 4062 Siluano
262 4009 377 4063 Sabinus
398 4012 462 4065 add.
482 4012 510 4064 B
583 4015 617 4066 19
635 4013 736 4066 fortem
754 4013 851 4066 fortem
872 4015 900 4067 et
923 4013 951 4076 0,
970 4013 1067 4066 fortem
1087 4016 1115 4066 et
1132 4011 1226 4065 100010.
1245 4011 1274 4064 D

123 4081 472 4154 200001101011Ι
537 4085 568 4154 21
590 4085 686 4139 malim
703 4086 732 4137 in
750 4088 822 4137 terra
847 4086 1011 4138 exstructuro
1120 4085 1166 4152 sit]
1186 4087 1227 4137 est
1245 4082 1274 4135 D

123 4151 216 4205 aditur
239 4152 263 4206 0
327 4153 360 4206 26
380 4157 408 4206 01
426 4158 476 4223 pat
493 4158 556 4208 nost
578 4156 601 4209 0
662 4159 694 4209 31
716 4156 876 4209 seditionem
897 4173 964 4224 quae
987 4155 1043 4220 OB,
1064 4155 1142 4209 sedit.
1164 4173 1217 4224 qua
1235 4155 1272 4213 1),

123 4224 178 4276 sed.
200 4240 294 4277 eorum
315 4225 360 4292 qui
377 4227 476 4294 scripsi
