<?xml version="1.0" encoding="UTF-8"?>
<!DOCTYPE html PUBLIC "-//W3C//DTD XHTML 1.0 Transitional//EN"
    "http://www.w3.org/TR/xhtml1/DTD/xhtml1-transitional.dtd">
<html xmlns="http://www.w3.org/1999/xhtml" xml:lang="en" lang="en">
 <head>
  <title>
</title>
<meta http-equiv="Content-Type" content="text/html;charset=utf-8" />
  <meta name='ocr-system' content='tesseract 3.04.00' />
  <meta name='ocr-capabilities' content='ocr_page ocr_carea ocr_par ocr_line ocrx_word'/>
</head>
<body>
  <div class='ocr_page' id='page_1' title='image "./corpusscriptoru11wissgoog_0029.png"; bbox 0 0 3148 5020; ppageno 0'>
   <div class='ocr_carea' id='block_1_1' title="bbox 599 415 1281 504">
    <p class='ocr_par' dir='ltr' id='par_1_1' title="bbox 599 415 1281 504">
     <span class='ocr_line' id='line_1_1' title="bbox 599 415 1281 504; baseline 0.001 -14"><span class='ocrx_word' id='word_1_1' title='bbox 599 415 817 493; x_wconf 80' lang='lat' dir='ltr'>Praefatio.</span> <span class='ocrx_word' id='word_1_2' title='bbox 996 461 999 466; x_wconf 94' lang='lat'>·</span> <span class='ocrx_word' id='word_1_3' title='bbox 1161 481 1162 485; x_wconf 28' lang='lat'>1</span> <span class='ocrx_word' id='word_1_4' title='bbox 1190 441 1281 504; x_wconf 82' lang='lat' dir='ltr'>XXV</span> 
     </span>
    </p>
   </div>
   <div class='ocr_carea' id='block_1_2' title="bbox 125 623 1307 4340">
    <p class='ocr_par' dir='ltr' id='par_1_2' title="bbox 125 623 1307 4340">
     <span class='ocr_line' id='line_1_2' title="bbox 128 623 1307 718; baseline 0 -22"><span class='ocrx_word' id='word_1_5' title='bbox 128 633 246 698; x_wconf 89' lang='grc'><strong>6611116</strong></span> <span class='ocrx_word' id='word_1_6' title='bbox 273 635 428 716; x_wconf 83' lang='lat' dir='ltr'>quaedam</span> <span class='ocrx_word' id='word_1_7' title='bbox 457 633 573 718; x_wconf 83' lang='lat' dir='ltr'>gallice</span> <span class='ocrx_word' id='word_1_8' title='bbox 602 632 794 717; x_wconf 85' lang='lat' dir='ltr'>conscripta,</span> <span class='ocrx_word' id='word_1_9' title='bbox 829 652 891 715; x_wconf 90' lang='lat' dir='ltr'>qua</span> <span class='ocrx_word' id='word_1_10' title='bbox 919 633 1157 717; x_wconf 75' lang='lat' dir='ltr'><strong>cognoscimus,</strong></span> <span class='ocrx_word' id='word_1_11' title='bbox 1186 623 1307 715; x_wconf 86' lang='lat' dir='ltr'>quem·</span> 
     </span>
     <span class='ocr_line' id='line_1_3' title="bbox 127 738 1284 823; baseline 0.002 -21"><span class='ocrx_word' id='word_1_12' title='bbox 127 739 225 805; x_wconf 91' lang='lat' dir='ltr'>hodie</span> <span class='ocrx_word' id='word_1_13' title='bbox 254 738 364 823; x_wconf 89' lang='lat' dir='ltr'>Optati</span> <span class='ocrx_word' id='word_1_14' title='bbox 393 740 535 805; x_wconf 83' lang='lat' dir='ltr'>codicem</span> <span class='ocrx_word' id='word_1_15' title='bbox 558 739 738 804; x_wconf 90' lang='lat' dir='ltr'>Parisinum</span> <span class='ocrx_word' id='word_1_16' title='bbox 762 739 965 804; x_wconf 91' lang='lat' dir='ltr'>inmanibus</span> <span class='ocrx_word' id='word_1_17' title='bbox 989 740 1153 818; x_wconf 87' lang='lat' dir='ltr'>habemus,</span> <span class='ocrx_word' id='word_1_18' title='bbox 1181 739 1284 804; x_wconf 88' lang='lat' dir='ltr'>fnisse</span> 
     </span>
     <span class='ocr_line' id='line_1_4' title="bbox 128 845 1284 929; baseline 0.001 -21"><span class='ocrx_word' id='word_1_19' title='bbox 128 865 231 910; x_wconf 91' lang='lat' dir='ltr'>uuum</span> <span class='ocrx_word' id='word_1_20' title='bbox 261 864 296 911; x_wconf 84' lang='lat' dir='ltr'>ex</span> <span class='ocrx_word' id='word_1_21' title='bbox 324 865 456 911; x_wconf 90' lang='lat' dir='ltr'>numero</span> <span class='ocrx_word' id='word_1_22' title='bbox 480 846 610 912; x_wconf 91' lang='lat' dir='ltr'>illorum</span> <span class='ocrx_word' id='word_1_23' title='bbox 639 865 692 911; x_wconf 89' lang='lat' dir='ltr'>ser</span> <span class='ocrx_word' id='word_1_24' title='bbox 720 845 1020 929; x_wconf 79' lang='lat' dir='ltr'>manuscriptorum,</span> <span class='ocrx_word' id='word_1_25' title='bbox 1050 865 1129 929; x_wconf 89' lang='lat' dir='ltr'>quos</span> <span class='ocrx_word' id='word_1_26' title='bbox 1161 845 1284 924; x_wconf 77' lang='lat' dir='ltr'>,labbe</span> 
     </span>
     <span class='ocr_line' id='line_1_5' title="bbox 126 952 1282 1038; baseline -0.002 -20"><span class='ocrx_word' id='word_1_27' title='bbox 126 953 303 1018; x_wconf 83' lang='lat' dir='ltr'>Rousseler</span> <span class='ocrx_word' id='word_1_28' title='bbox 331 953 440 1019; x_wconf 89' lang='lat' dir='ltr'>ancien</span> <span class='ocrx_word' id='word_1_29' title='bbox 468 954 647 1038; x_wconf 84' lang='lat' dir='ltr'>Theologat</span> <span class='ocrx_word' id='word_1_30' title='bbox 670 953 708 1018; x_wconf 92' lang='lat' dir='ltr'>de</span> <span class='ocrx_word' id='word_1_31' title='bbox 736 973 875 1037; x_wconf 91' lang='lat' dir='ltr'>peronne</span> <span class='ocrx_word' id='word_1_32' title='bbox 904 974 939 1019; x_wconf 92' lang='grc'>66</span> <span class='ocrx_word' id='word_1_33' title='bbox 962 954 1021 1018; x_wconf 86' lang='lat' dir='ltr'>fait</span> <span class='ocrx_word' id='word_1_34' title='bbox 1044 973 1086 1018; x_wconf 93' lang='lat' dir='ltr'>un</span> <span class='ocrx_word' id='word_1_35' title='bbox 1109 952 1221 1037; x_wconf 82' lang='lat' dir='ltr'>plaisir</span> <span class='ocrx_word' id='word_1_36' title='bbox 1244 953 1282 1016; x_wconf 93' lang='lat' dir='ltr'>de</span> 
     </span>
     <span class='ocr_line' id='line_1_6' title="bbox 126 1057 1285 1144; baseline -0.001 -21"><span class='ocrx_word' id='word_1_37' title='bbox 126 1063 280 1125; x_wconf 92' lang='lat' dir='ltr'>remettre</span> <span class='ocrx_word' id='word_1_38' title='bbox 305 1063 393 1124; x_wconf 91' lang='lat' dir='ltr'>entre</span> <span class='ocrx_word' id='word_1_39' title='bbox 416 1061 464 1125; x_wconf 90' lang='lat' dir='ltr'>les</span> <span class='ocrx_word' id='word_1_40' title='bbox 488 1060 590 1126; x_wconf 86' lang='lat' dir='ltr'>mains</span> <span class='ocrx_word' id='word_1_41' title='bbox 620 1059 659 1126; x_wconf 91' lang='grc'>16</span> <span class='ocrx_word' id='word_1_42' title='bbox 683 1060 746 1126; x_wconf 86' lang='lat' dir='ltr'>Son</span> <span class='ocrx_word' id='word_1_43' title='bbox 770 1061 941 1126; x_wconf 79' lang='lat' dir='ltr'>Eminence</span> <span class='ocrx_word' id='word_1_44' title='bbox 964 1059 1056 1144; x_wconf 84' lang='lat' dir='ltr'>M’gr.</span> <span class='ocrx_word' id='word_1_45' title='bbox 1079 1060 1111 1124; x_wconf 97' lang='grc'>16</span> <span class='ocrx_word' id='word_1_46' title='bbox 1136 1057 1285 1125; x_wconf 78' lang='grc'><strong>06611661</strong></span> 
     </span>
     <span class='ocr_line' id='line_1_7' title="bbox 127 1165 1284 1250; baseline -0.001 -21"><span class='ocrx_word' id='word_1_47' title='bbox 127 1165 169 1230; x_wconf 93' lang='grc'>16</span> <span class='ocrx_word' id='word_1_48' title='bbox 191 1166 334 1232; x_wconf 81' lang='lat' dir='ltr'>Rohan.“</span> <span class='ocrx_word' id='word_1_49' title='bbox 365 1167 400 1231; x_wconf 92' lang='lat' dir='ltr'>in</span> <span class='ocrx_word' id='word_1_50' title='bbox 421 1165 474 1232; x_wconf 92' lang='lat' dir='ltr'>his</span> <span class='ocrx_word' id='word_1_51' title='bbox 501 1166 592 1232; x_wconf 88' lang='lat' dir='ltr'>libris</span> <span class='ocrx_word' id='word_1_52' title='bbox 620 1168 782 1250; x_wconf 89' lang='lat' dir='ltr'>praeterea</span> <span class='ocrx_word' id='word_1_53' title='bbox 805 1167 868 1232; x_wconf 91' lang='lat' dir='ltr'>duo</span> <span class='ocrx_word' id='word_1_54' title='bbox 896 1167 1027 1233; x_wconf 84' lang='lat' dir='ltr'>inerunt</span> <span class='ocrx_word' id='word_1_55' title='bbox 1049 1165 1220 1250; x_wconf 82' lang='lat' dir='ltr'>conscripti</span> <span class='ocrx_word' id='word_1_56' title='bbox 1243 1165 1284 1228; x_wconf 88' lang='lat' dir='ltr'>ab</span> 
     </span>
     <span class='ocr_line' id='line_1_8' title="bbox 125 1271 1283 1356; baseline -0.001 -20"><span class='ocrx_word' id='word_1_57' title='bbox 125 1273 199 1356; x_wconf 92' lang='lat' dir='ltr'>ipso</span> <span class='ocrx_word' id='word_1_58' title='bbox 228 1273 358 1338; x_wconf 88' lang='lat' dir='ltr'>Baluzio</span> <span class='ocrx_word' id='word_1_59' title='bbox 388 1275 421 1338; x_wconf 91' lang='lat' dir='ltr'>et</span> <span class='ocrx_word' id='word_1_60' title='bbox 446 1273 602 1340; x_wconf 88' lang='lat' dir='ltr'>Johannis</span> <span class='ocrx_word' id='word_1_61' title='bbox 630 1271 808 1340; x_wconf 87' lang='lat' dir='ltr'>Maldenati</span> <span class='ocrx_word' id='word_1_62' title='bbox 842 1292 937 1356; x_wconf 89' lang='lat' dir='ltr'>opera</span> <span class='ocrx_word' id='word_1_63' title='bbox 963 1272 1095 1338; x_wconf 87' lang='lat' dir='ltr'>Parisiis</span> <span class='ocrx_word' id='word_1_64' title='bbox 1128 1272 1283 1338; x_wconf 82' lang='lat' dir='ltr'>conlecta.</span> 
     </span>
     <span class='ocr_line' id='line_1_9' title="bbox 127 1379 1283 1465; baseline 0 -22"><span class='ocrx_word' id='word_1_65' title='bbox 127 1380 271 1444; x_wconf 85' lang='lat' dir='ltr'>exaltera</span> <span class='ocrx_word' id='word_1_66' title='bbox 282 1379 454 1463; x_wconf 90' lang='lat' dir='ltr'>eademqne</span> <span class='ocrx_word' id='word_1_67' title='bbox 465 1381 581 1465; x_wconf 84' lang='lat' dir='ltr'>gallica</span> <span class='ocrx_word' id='word_1_68' title='bbox 590 1381 796 1463; x_wconf 89' lang='lat' dir='ltr'>inscriptione</span> <span class='ocrx_word' id='word_1_69' title='bbox 807 1381 977 1446; x_wconf 89' lang='lat' dir='ltr'>edocemur</span> <span class='ocrx_word' id='word_1_70' title='bbox 986 1380 1283 1446; x_wconf 88' lang='lat' dir='ltr'>codioemuostrum</span> 
     </span>
     <span class='ocr_line' id='line_1_10' title="bbox 127 1475 1287 1570; baseline -0.001 -19"><span class='ocrx_word' id='word_1_71' title='bbox 127 1481 272 1570; x_wconf 88' lang='lat' dir='ltr'>emptum</span> <span class='ocrx_word' id='word_1_72' title='bbox 296 1506 366 1552; x_wconf 92' lang='grc'><strong>6666</strong></span> <span class='ocrx_word' id='word_1_73' title='bbox 391 1507 418 1552; x_wconf 93' lang='grc'>6.</span> <span class='ocrx_word' id='word_1_74' title='bbox 444 1487 530 1554; x_wconf 84' lang='grc'><strong>1729</strong></span> <span class='ocrx_word' id='word_1_75' title='bbox 560 1487 617 1565; x_wconf 91' lang='lat' dir='ltr'>,de</span> <span class='ocrx_word' id='word_1_76' title='bbox 640 1485 743 1552; x_wconf 87' lang='lat' dir='ltr'>l&#39;abbe&#39;</span> <span class='ocrx_word' id='word_1_77' title='bbox 771 1487 942 1554; x_wconf 83' lang='lat' dir='ltr'>Rousseler</span> <span class='ocrx_word' id='word_1_78' title='bbox 969 1475 1081 1552; x_wconf 87' lang='lat' dir='ltr'>ancien</span> <span class='ocrx_word' id='word_1_79' title='bbox 1107 1486 1287 1570; x_wconf 79' lang='lat' dir='ltr'>Theolegat</span> 
     </span>
     <span class='ocr_line' id='line_1_11' title="bbox 127 1593 1283 1678; baseline 0 -22"><span class='ocrx_word' id='word_1_80' title='bbox 127 1593 168 1658; x_wconf 92' lang='lat' dir='ltr'>de</span> <span class='ocrx_word' id='word_1_81' title='bbox 191 1594 316 1678; x_wconf 85' lang='lat' dir='ltr'>l&#39;eglise</span> <span class='ocrx_word' id='word_1_82' title='bbox 340 1595 413 1660; x_wconf 92' lang='lat' dir='ltr'>coll.</span> <span class='ocrx_word' id='word_1_83' title='bbox 439 1597 472 1658; x_wconf 93' lang='lat' dir='ltr'>et</span> <span class='ocrx_word' id='word_1_84' title='bbox 493 1595 602 1678; x_wconf 86' lang='lat' dir='ltr'>royale</span> <span class='ocrx_word' id='word_1_85' title='bbox 631 1594 670 1659; x_wconf 93' lang='lat' dir='ltr'>da</span> <span class='ocrx_word' id='word_1_86' title='bbox 694 1595 837 1659; x_wconf 87' lang='lat' dir='ltr'>Perenne</span> <span class='ocrx_word' id='word_1_87' title='bbox 862 1613 899 1658; x_wconf 92' lang='lat' dir='ltr'>en</span> <span class='ocrx_word' id='word_1_88' title='bbox 923 1593 1097 1661; x_wconf 80' lang='lat' dir='ltr'>Picardie.“</span> <span class='ocrx_word' id='word_1_89' title='bbox 1134 1593 1283 1676; x_wconf 91' lang='lat' dir='ltr'>qnoniam</span> 
     </span>
     <span class='ocr_line' id='line_1_12' title="bbox 126 1699 1283 1786; baseline -0.002 -22"><span class='ocrx_word' id='word_1_90' title='bbox 126 1700 297 1764; x_wconf 85' lang='lat' dir='ltr'>Balunium</span> <span class='ocrx_word' id='word_1_91' title='bbox 325 1701 468 1786; x_wconf 85' lang='grc'><strong>61718</strong></span> <span class='ocrx_word' id='word_1_92' title='bbox 498 1700 583 1764; x_wconf 91' lang='lat' dir='ltr'>diem</span> <span class='ocrx_word' id='word_1_93' title='bbox 611 1700 729 1765; x_wconf 90' lang='lat' dir='ltr'>obiisse</span> <span class='ocrx_word' id='word_1_94' title='bbox 757 1719 944 1783; x_wconf 91' lang='lat' dir='ltr'>supremum</span> <span class='ocrx_word' id='word_1_95' title='bbox 972 1701 1107 1775; x_wconf 91' lang='lat' dir='ltr'>constat,</span> <span class='ocrx_word' id='word_1_96' title='bbox 1136 1699 1283 1763; x_wconf 88' lang='lat' dir='ltr'>abbatem</span> 
     </span>
     <span class='ocr_line' id='line_1_13' title="bbox 125 1804 1285 1890; baseline -0.001 -21"><span class='ocrx_word' id='word_1_97' title='bbox 125 1806 222 1870; x_wconf 91' lang='lat' dir='ltr'>illum</span> <span class='ocrx_word' id='word_1_98' title='bbox 232 1809 387 1889; x_wconf 89' lang='lat' dir='ltr'>quantum</span> <span class='ocrx_word' id='word_1_99' title='bbox 398 1807 518 1872; x_wconf 91' lang='lat' dir='ltr'>scimus</span> <span class='ocrx_word' id='word_1_100' title='bbox 530 1806 671 1872; x_wconf 87' lang='lat' dir='ltr'>codicem</span> <span class='ocrx_word' id='word_1_101' title='bbox 685 1809 830 1870; x_wconf 91' lang='lat' dir='ltr'>nostrum</span> <span class='ocrx_word' id='word_1_102' title='bbox 840 1805 1090 1890; x_wconf 85' lang='lat' dir='ltr'>postBaluzium</span> <span class='ocrx_word' id='word_1_103' title='bbox 1101 1804 1285 1888; x_wconf 81' lang='lat' dir='ltr'>possedisse</span> 
     </span>
     <span class='ocr_line' id='line_1_14' title="bbox 127 1910 1285 1995; baseline -0.001 -19"><span class='ocrx_word' id='word_1_104' title='bbox 127 1931 261 1978; x_wconf 90' lang='grc'><strong>6666666</strong></span> <span class='ocrx_word' id='word_1_105' title='bbox 276 1917 336 1977; x_wconf 87' lang='grc'><strong>661.</strong></span> <span class='ocrx_word' id='word_1_106' title='bbox 358 1913 414 1978; x_wconf 90' lang='grc'>661</span> <span class='ocrx_word' id='word_1_107' title='bbox 433 1932 496 1995; x_wconf 91' lang='grc'>666</span> <span class='ocrx_word' id='word_1_108' title='bbox 514 1914 687 1978; x_wconf 90' lang='lat' dir='ltr'>rationein</span> <span class='ocrx_word' id='word_1_109' title='bbox 706 1932 819 1978; x_wconf 89' lang='lat' dir='ltr'>manus</span> <span class='ocrx_word' id='word_1_110' title='bbox 838 1912 972 1990; x_wconf 87' lang='lat' dir='ltr'>Baluzii,</span> <span class='ocrx_word' id='word_1_111' title='bbox 992 1930 1054 1994; x_wconf 91' lang='lat' dir='ltr'>qua</span> <span class='ocrx_word' id='word_1_112' title='bbox 1071 1912 1104 1976; x_wconf 91' lang='lat' dir='ltr'>in</span> <span class='ocrx_word' id='word_1_113' title='bbox 1122 1910 1285 1976; x_wconf 87' lang='lat' dir='ltr'>Rousselii</span> 
     </span>
     <span class='ocr_line' id='line_1_15' title="bbox 129 2016 1283 2100; baseline -0.002 -18"><span class='ocrx_word' id='word_1_114' title='bbox 129 2017 277 2100; x_wconf 89' lang='lat' dir='ltr'>peruenit</span> <span class='ocrx_word' id='word_1_115' title='bbox 305 2017 402 2082; x_wconf 83' lang='lat' dir='ltr'>codex</span> <span class='ocrx_word' id='word_1_116' title='bbox 429 2018 507 2084; x_wconf 79' lang='lat' dir='ltr'>ille?</span> <span class='ocrx_word' id='word_1_117' title='bbox 538 2018 706 2084; x_wconf 86' lang='lat' dir='ltr'>redeamus</span> <span class='ocrx_word' id='word_1_118' title='bbox 731 2019 771 2082; x_wconf 93' lang='grc'>61</span> <span class='ocrx_word' id='word_1_119' title='bbox 794 2019 869 2084; x_wconf 88' lang='lat' dir='ltr'>libri</span> <span class='ocrx_word' id='word_1_120' title='bbox 896 2018 997 2084; x_wconf 81' lang='lat' dir='ltr'>nostri</span> <span class='ocrx_word' id='word_1_121' title='bbox 1023 2017 1224 2095; x_wconf 88' lang='lat' dir='ltr'>incunabula,</span> <span class='ocrx_word' id='word_1_122' title='bbox 1250 2016 1283 2080; x_wconf 93' lang='lat' dir='ltr'>in</span> 
     </span>
     <span class='ocr_line' id='line_1_16' title="bbox 130 2123 1284 2211; baseline -0.002 -23"><span class='ocrx_word' id='word_1_123' title='bbox 130 2127 325 2188; x_wconf 90' lang='lat' dir='ltr'>conuentum</span> <span class='ocrx_word' id='word_1_124' title='bbox 354 2143 380 2192; x_wconf 91' lang='grc'>6.</span> <span class='ocrx_word' id='word_1_125' title='bbox 408 2123 556 2211; x_wconf 83' lang='lat' dir='ltr'>Dionysii</span> <span class='ocrx_word' id='word_1_126' title='bbox 583 2125 761 2190; x_wconf 89' lang='lat' dir='ltr'>Remensis.</span> <span class='ocrx_word' id='word_1_127' title='bbox 789 2125 851 2190; x_wconf 90' lang='lat' dir='ltr'>hac</span> <span class='ocrx_word' id='word_1_128' title='bbox 878 2125 911 2189; x_wconf 89' lang='lat' dir='ltr'>in</span> <span class='ocrx_word' id='word_1_129' title='bbox 935 2126 1012 2190; x_wconf 91' lang='lat' dir='ltr'>urbe</span> <span class='ocrx_word' id='word_1_130' title='bbox 1036 2124 1143 2190; x_wconf 90' lang='lat' dir='ltr'>sedem</span> <span class='ocrx_word' id='word_1_131' title='bbox 1166 2123 1284 2189; x_wconf 89' lang='lat' dir='ltr'>archie-</span> 
     </span>
     <span class='ocr_line' id='line_1_17' title="bbox 128 2229 1286 2313; baseline -0.002 -19"><span class='ocrx_word' id='word_1_132' title='bbox 128 2229 326 2313; x_wconf 88' lang='lat' dir='ltr'>piscopalem</span> <span class='ocrx_word' id='word_1_133' title='bbox 351 2229 490 2295; x_wconf 87' lang='lat' dir='ltr'>obtinuit</span> <span class='ocrx_word' id='word_1_134' title='bbox 512 2229 617 2296; x_wconf 94' lang='lat' dir='ltr'>medio</span> <span class='ocrx_word' id='word_1_135' title='bbox 642 2249 723 2296; x_wconf 89' lang='lat' dir='ltr'>saee.</span> <span class='ocrx_word' id='word_1_136' title='bbox 744 2230 819 2294; x_wconf 87' lang='lat' dir='ltr'>XVI</span> <span class='ocrx_word' id='word_1_137' title='bbox 840 2230 943 2296; x_wconf 80' lang='lat' dir='ltr'>Oarol.</span> <span class='ocrx_word' id='word_1_138' title='bbox 962 2231 1095 2297; x_wconf 78' lang='lat' dir='ltr'>Mansio.</span> <span class='ocrx_word' id='word_1_139' title='bbox 1115 2231 1145 2294; x_wconf 93' lang='lat' dir='ltr'>le</span> <span class='ocrx_word' id='word_1_140' title='bbox 1167 2229 1286 2294; x_wconf 85' lang='lat' dir='ltr'>Tellier</span> 
     </span>
     <span class='ocr_line' id='line_1_18' title="bbox 130 2328 1286 2423; baseline 0.002 -23"><span class='ocrx_word' id='word_1_141' title='bbox 130 2328 203 2418; x_wconf 74' lang='lat' dir='ltr'>(cfr.</span> <span class='ocrx_word' id='word_1_142' title='bbox 223 2335 353 2417; x_wconf 76' lang='lat' dir='ltr'>Delicta,</span> <span class='ocrx_word' id='word_1_143' title='bbox 373 2337 580 2417; x_wconf 77' lang='grc'><strong>1666116611,</strong></span> <span class='ocrx_word' id='word_1_144' title='bbox 603 2339 697 2423; x_wconf 80' lang='lat'>302),</span> <span class='ocrx_word' id='word_1_145' title='bbox 718 2339 810 2406; x_wconf 89' lang='lat' dir='ltr'>cuius</span> <span class='ocrx_word' id='word_1_146' title='bbox 829 2337 1041 2404; x_wconf 90' lang='lat' dir='ltr'>bibliothecae</span> <span class='ocrx_word' id='word_1_147' title='bbox 1061 2337 1286 2420; x_wconf 87' lang='lat' dir='ltr'>manuscriptis</span> 
     </span>
     <span class='ocr_line' id='line_1_19' title="bbox 127 2443 1282 2530; baseline -0.001 -22"><span class='ocrx_word' id='word_1_148' title='bbox 127 2444 390 2526; x_wconf 80' lang='lat' dir='ltr'>opulentissimae</span> <span class='ocrx_word' id='word_1_149' title='bbox 406 2445 603 2528; x_wconf 85' lang='lat' dir='ltr'>aliquamdiu</span> <span class='ocrx_word' id='word_1_150' title='bbox 616 2446 755 2530; x_wconf 86' lang='lat' dir='ltr'>praefuit</span> <span class='ocrx_word' id='word_1_151' title='bbox 764 2445 931 2529; x_wconf 89' lang='lat' dir='ltr'>Philippus</span> <span class='ocrx_word' id='word_1_152' title='bbox 944 2445 1064 2510; x_wconf 87' lang='lat' dir='ltr'>Siluius</span> <span class='ocrx_word' id='word_1_153' title='bbox 1076 2443 1149 2526; x_wconf 77' lang='lat' dir='ltr'>(cfr.</span> <span class='ocrx_word' id='word_1_154' title='bbox 1159 2443 1282 2517; x_wconf 70' lang='lat' dir='ltr'>declar,</span> 
     </span>
     <span class='ocr_line' id='line_1_20' title="bbox 131 2549 1285 2637; baseline 0.003 -24"><span class='ocrx_word' id='word_1_155' title='bbox 131 2549 420 2637; x_wconf 75' lang='lat' dir='ltr'>Gelehrieoleailcoo</span> <span class='ocrx_word' id='word_1_156' title='bbox 443 2551 498 2630; x_wconf 89' lang='lat' dir='ltr'>IV,</span> <span class='ocrx_word' id='word_1_157' title='bbox 529 2553 621 2635; x_wconf 83' lang='lat'><em>968).</em></span> <span class='ocrx_word' id='word_1_158' title='bbox 650 2553 678 2617; x_wconf 90' lang='grc'>16</span> <span class='ocrx_word' id='word_1_159' title='bbox 702 2553 753 2616; x_wconf 90' lang='lat' dir='ltr'>uir</span> <span class='ocrx_word' id='word_1_160' title='bbox 777 2551 1013 2618; x_wconf 87' lang='lat' dir='ltr'>eruditissimus</span> <span class='ocrx_word' id='word_1_161' title='bbox 1036 2549 1222 2627; x_wconf 88' lang='lat' dir='ltr'>Maldonati,</span> <span class='ocrx_word' id='word_1_162' title='bbox 1246 2550 1285 2616; x_wconf 90' lang='grc'>16</span> 
     </span>
     <span class='ocr_line' id='line_1_21' title="bbox 128 2655 1285 2742; baseline 0 -22"><span class='ocrx_word' id='word_1_163' title='bbox 128 2675 191 2738; x_wconf 92' lang='grc'>666</span> <span class='ocrx_word' id='word_1_164' title='bbox 205 2675 303 2739; x_wconf 92' lang='lat' dir='ltr'>supra</span> <span class='ocrx_word' id='word_1_165' title='bbox 318 2655 464 2735; x_wconf 83' lang='lat' dir='ltr'>diximus,</span> <span class='ocrx_word' id='word_1_166' title='bbox 481 2657 630 2742; x_wconf 90' lang='lat' dir='ltr'>operibus</span> <span class='ocrx_word' id='word_1_167' title='bbox 646 2657 778 2722; x_wconf 86' lang='lat' dir='ltr'>edendis</span> <span class='ocrx_word' id='word_1_168' title='bbox 797 2657 993 2740; x_wconf 88' lang='lat' dir='ltr'>singularem</span> <span class='ocrx_word' id='word_1_169' title='bbox 1006 2675 1141 2722; x_wconf 91' lang='lat' dir='ltr'>nauasse</span> <span class='ocrx_word' id='word_1_170' title='bbox 1155 2675 1285 2740; x_wconf 86' lang='lat' dir='ltr'>operam</span> 
     </span>
     <span class='ocr_line' id='line_1_22' title="bbox 129 2747 1285 2847; baseline -0.002 -19"><span class='ocrx_word' id='word_1_171' title='bbox 129 2747 248 2830; x_wconf 88' lang='lat' dir='ltr'>dicitur</span> <span class='ocrx_word' id='word_1_172' title='bbox 281 2766 313 2828; x_wconf 92' lang='lat' dir='ltr'>et</span> <span class='ocrx_word' id='word_1_173' title='bbox 345 2783 381 2828; x_wconf 85' lang='lat' dir='ltr'>er</span> <span class='ocrx_word' id='word_1_174' title='bbox 414 2763 557 2830; x_wconf 88' lang='lat' dir='ltr'>eiusdem</span> <span class='ocrx_word' id='word_1_175' title='bbox 590 2763 731 2847; x_wconf 90' lang='lat' dir='ltr'>Philippi</span> <span class='ocrx_word' id='word_1_176' title='bbox 765 2761 859 2829; x_wconf 88' lang='lat' dir='ltr'>Siluii</span> <span class='ocrx_word' id='word_1_177' title='bbox 891 2763 1017 2829; x_wconf 91' lang='lat' dir='ltr'>nomine</span> <span class='ocrx_word' id='word_1_178' title='bbox 1045 2783 1145 2828; x_wconf 90' lang='lat' dir='ltr'>unum</span> <span class='ocrx_word' id='word_1_179' title='bbox 1174 2762 1285 2846; x_wconf 89' lang='lat' dir='ltr'>Optati</span> 
     </span>
     <span class='ocr_line' id='line_1_23' title="bbox 130 2870 1288 2955; baseline 0 -21"><span class='ocrx_word' id='word_1_180' title='bbox 130 2870 275 2936; x_wconf 89' lang='lat' dir='ltr'>codicem</span> <span class='ocrx_word' id='word_1_181' title='bbox 304 2873 469 2953; x_wconf 90' lang='lat' dir='ltr'>nuncupat</span> <span class='ocrx_word' id='word_1_182' title='bbox 491 2870 663 2955; x_wconf 88' lang='lat' dir='ltr'>Dupinins,</span> <span class='ocrx_word' id='word_1_183' title='bbox 692 2889 787 2952; x_wconf 90' lang='lat' dir='ltr'>quem</span> <span class='ocrx_word' id='word_1_184' title='bbox 814 2871 940 2953; x_wconf 90' lang='lat' dir='ltr'>praeter</span> <span class='ocrx_word' id='word_1_185' title='bbox 966 2871 1106 2952; x_wconf 88' lang='lat' dir='ltr'>reliquos</span> <span class='ocrx_word' id='word_1_186' title='bbox 1135 2873 1288 2954; x_wconf 88' lang='lat' dir='ltr'>quattuor</span> 
     </span>
     <span class='ocr_line' id='line_1_24' title="bbox 129 2975 1286 3063; baseline 0.001 -22"><span class='ocrx_word' id='word_1_187' title='bbox 129 2977 162 3042; x_wconf 89' lang='lat' dir='ltr'>in</span> <span class='ocrx_word' id='word_1_188' title='bbox 192 2975 332 3042; x_wconf 90' lang='lat' dir='ltr'>editione</span> <span class='ocrx_word' id='word_1_189' title='bbox 361 2994 420 3041; x_wconf 90' lang='lat' dir='ltr'>sua</span> <span class='ocrx_word' id='word_1_190' title='bbox 449 2976 628 3042; x_wconf 89' lang='lat' dir='ltr'>adornanda</span> <span class='ocrx_word' id='word_1_191' title='bbox 656 2978 697 3060; x_wconf 88' lang='lat' dir='ltr'>(a.</span> <span class='ocrx_word' id='word_1_192' title='bbox 728 2977 815 3044; x_wconf 87' lang='grc'><strong>1700</strong></span> <span class='ocrx_word' id='word_1_193' title='bbox 845 2979 877 3042; x_wconf 90' lang='grc'>61</span> <span class='ocrx_word' id='word_1_194' title='bbox 905 2975 1006 3063; x_wconf 85' lang='grc'><strong>1702)</strong></span> <span class='ocrx_word' id='word_1_195' title='bbox 1040 2977 1194 3043; x_wconf 86' lang='lat' dir='ltr'>adhibuit.</span> <span class='ocrx_word' id='word_1_196' title='bbox 1229 2978 1286 3062; x_wconf 91' lang='lat' dir='ltr'>qui</span> 
     </span>
     <span class='ocr_line' id='line_1_25' title="bbox 131 3083 1289 3168; baseline 0 -19"><span class='ocrx_word' id='word_1_197' title='bbox 131 3083 229 3149; x_wconf 83' lang='lat' dir='ltr'>codex</span> <span class='ocrx_word' id='word_1_198' title='bbox 268 3084 327 3148; x_wconf 89' lang='lat' dir='ltr'>sub</span> <span class='ocrx_word' id='word_1_199' title='bbox 356 3083 500 3166; x_wconf 92' lang='lat' dir='ltr'>Philippi</span> <span class='ocrx_word' id='word_1_200' title='bbox 529 3083 623 3150; x_wconf 83' lang='lat' dir='ltr'>Siluii</span> <span class='ocrx_word' id='word_1_201' title='bbox 654 3084 782 3149; x_wconf 90' lang='lat' dir='ltr'>nomine</span> <span class='ocrx_word' id='word_1_202' title='bbox 816 3084 1000 3168; x_wconf 90' lang='lat' dir='ltr'>deperditus</span> <span class='ocrx_word' id='word_1_203' title='bbox 1031 3085 1218 3163; x_wconf 88' lang='lat' dir='ltr'>renascitur,</span> <span class='ocrx_word' id='word_1_204' title='bbox 1249 3088 1289 3149; x_wconf 91' lang='grc'>61</span> 
     </span>
     <span class='ocr_line' id='line_1_26' title="bbox 131 3190 1288 3274; baseline 0.002 -20"><span class='ocrx_word' id='word_1_205' title='bbox 131 3190 210 3255; x_wconf 90' lang='lat' dir='ltr'>mihi</span> <span class='ocrx_word' id='word_1_206' title='bbox 239 3190 378 3266; x_wconf 89' lang='lat' dir='ltr'>uidetur,</span> <span class='ocrx_word' id='word_1_207' title='bbox 408 3190 507 3256; x_wconf 85' lang='lat' dir='ltr'>codex</span> <span class='ocrx_word' id='word_1_208' title='bbox 536 3190 741 3256; x_wconf 88' lang='lat' dir='ltr'>Baluzianus.</span> <span class='ocrx_word' id='word_1_209' title='bbox 770 3209 843 3256; x_wconf 90' lang='lat' dir='ltr'>nam</span> <span class='ocrx_word' id='word_1_210' title='bbox 872 3211 935 3257; x_wconf 92' lang='lat' dir='ltr'>uon</span> <span class='ocrx_word' id='word_1_211' title='bbox 965 3191 1069 3256; x_wconf 90' lang='lat' dir='ltr'>solum</span> <span class='ocrx_word' id='word_1_212' title='bbox 1097 3209 1177 3274; x_wconf 90' lang='grc'><strong>6666</strong></span> <span class='ocrx_word' id='word_1_213' title='bbox 1204 3192 1288 3257; x_wconf 89' lang='lat' dir='ltr'>inter</span> 
     </span>
     <span class='ocr_line' id='line_1_27' title="bbox 132 3296 1290 3364; baseline 0.002 -3"><span class='ocrx_word' id='word_1_214' title='bbox 132 3297 323 3362; x_wconf 87' lang='lat' dir='ltr'>Remensem</span> <span class='ocrx_word' id='word_1_215' title='bbox 348 3298 381 3360; x_wconf 92' lang='lat' dir='ltr'>et</span> <span class='ocrx_word' id='word_1_216' title='bbox 411 3296 623 3362; x_wconf 87' lang='lat' dir='ltr'>Baluzianum</span> <span class='ocrx_word' id='word_1_217' title='bbox 655 3296 825 3362; x_wconf 87' lang='lat' dir='ltr'>intercedit</span> <span class='ocrx_word' id='word_1_218' title='bbox 857 3297 1060 3362; x_wconf 87' lang='lat' dir='ltr'>necessitudo</span> <span class='ocrx_word' id='word_1_219' title='bbox 1095 3298 1204 3364; x_wconf 87' lang='lat' dir='ltr'>eadem</span> <span class='ocrx_word' id='word_1_220' title='bbox 1237 3302 1290 3364; x_wconf 89' lang='lat' dir='ltr'>est</span> 
     </span>
     <span class='ocr_line' id='line_1_28' title="bbox 133 3402 1287 3488; baseline 0.001 -21"><span class='ocrx_word' id='word_1_221' title='bbox 133 3406 229 3486; x_wconf 89' lang='lat' dir='ltr'>atque</span> <span class='ocrx_word' id='word_1_222' title='bbox 263 3403 366 3468; x_wconf 88' lang='lat' dir='ltr'>codici</span> <span class='ocrx_word' id='word_1_223' title='bbox 393 3403 536 3488; x_wconf 91' lang='lat' dir='ltr'>Philippi</span> <span class='ocrx_word' id='word_1_224' title='bbox 565 3402 659 3468; x_wconf 85' lang='lat' dir='ltr'>Siluii</span> <span class='ocrx_word' id='word_1_225' title='bbox 691 3423 710 3468; x_wconf 92' lang='grc'>6</span> <span class='ocrx_word' id='word_1_226' title='bbox 740 3402 881 3487; x_wconf 91' lang='lat' dir='ltr'>Dupinio</span> <span class='ocrx_word' id='word_1_227' title='bbox 916 3404 1070 3470; x_wconf 87' lang='lat' dir='ltr'>attributa</span> <span class='ocrx_word' id='word_1_228' title='bbox 1103 3405 1160 3470; x_wconf 92' lang='grc'>661</span> <span class='ocrx_word' id='word_1_229' title='bbox 1191 3404 1287 3469; x_wconf 90' lang='lat' dir='ltr'>etiam</span> 
     </span>
     <span class='ocr_line' id='line_1_29' title="bbox 135 3509 1288 3594; baseline 0 -20"><span class='ocrx_word' id='word_1_230' title='bbox 135 3527 214 3591; x_wconf 88' lang='grc'><strong>6666</strong></span> <span class='ocrx_word' id='word_1_231' title='bbox 243 3509 276 3574; x_wconf 89' lang='grc'>16</span> <span class='ocrx_word' id='word_1_232' title='bbox 309 3510 370 3576; x_wconf 89' lang='lat' dir='ltr'>alio</span> <span class='ocrx_word' id='word_1_233' title='bbox 404 3509 513 3574; x_wconf 89' lang='grc'><strong>661166</strong></span> <span class='ocrx_word' id='word_1_234' title='bbox 536 3509 691 3586; x_wconf 90' lang='lat' dir='ltr'>Parisino,</span> <span class='ocrx_word' id='word_1_235' title='bbox 725 3509 763 3574; x_wconf 91' lang='lat' dir='ltr'>de</span> <span class='ocrx_word' id='word_1_236' title='bbox 797 3529 857 3592; x_wconf 91' lang='lat' dir='ltr'>quo</span> <span class='ocrx_word' id='word_1_237' title='bbox 890 3513 1003 3594; x_wconf 86' lang='lat' dir='ltr'>postea</span> <span class='ocrx_word' id='word_1_238' title='bbox 1042 3510 1288 3594; x_wconf 66' lang='lat' dir='ltr'>disputabimus</span> 
     </span>
     <span class='ocr_line' id='line_1_30' title="bbox 135 3615 1289 3701; baseline 0.001 -22"><span class='ocrx_word' id='word_1_239' title='bbox 135 3615 204 3681; x_wconf 91' lang='lat' dir='ltr'>dico</span> <span class='ocrx_word' id='word_1_240' title='bbox 221 3615 526 3700; x_wconf 85' lang='lat' dir='ltr'>Sangermanensem</span> <span class='ocrx_word' id='word_1_241' title='bbox 541 3635 586 3680; x_wconf 92' lang='lat' dir='ltr'>nr.</span> <span class='ocrx_word' id='word_1_242' title='bbox 604 3617 723 3694; x_wconf 82' lang='lat'>11623,</span> <span class='ocrx_word' id='word_1_243' title='bbox 748 3635 785 3682; x_wconf 86' lang='lat' dir='ltr'>er</span> <span class='ocrx_word' id='word_1_244' title='bbox 804 3616 945 3682; x_wconf 82' lang='lat' dir='ltr'>Siluiano</span> <span class='ocrx_word' id='word_1_245' title='bbox 966 3619 1110 3700; x_wconf 86' lang='lat' dir='ltr'>excerpta</span> <span class='ocrx_word' id='word_1_246' title='bbox 1127 3619 1289 3701; x_wconf 85' lang='lat' dir='ltr'>leguntur,</span> 
     </span>
     <span class='ocr_line' id='line_1_31' title="bbox 135 3722 1288 3806; baseline 0.001 -21"><span class='ocrx_word' id='word_1_247' title='bbox 135 3722 199 3787; x_wconf 67' lang='lat' dir='ltr'>fere</span> <span class='ocrx_word' id='word_1_248' title='bbox 227 3722 349 3806; x_wconf 89' lang='lat' dir='ltr'>ubique</span> <span class='ocrx_word' id='word_1_249' title='bbox 373 3742 446 3788; x_wconf 90' lang='lat' dir='ltr'>oum</span> <span class='ocrx_word' id='word_1_250' title='bbox 469 3723 636 3788; x_wconf 81' lang='lat' dir='ltr'>Baluziani</span> <span class='ocrx_word' id='word_1_251' title='bbox 663 3723 856 3789; x_wconf 90' lang='lat' dir='ltr'>lectionibus</span> <span class='ocrx_word' id='word_1_252' title='bbox 886 3724 1085 3790; x_wconf 86' lang='lat' dir='ltr'>concordant.</span> <span class='ocrx_word' id='word_1_253' title='bbox 1114 3723 1288 3789; x_wconf 92' lang='lat' dir='ltr'>uerisimile</span> 
     </span>
     <span class='ocr_line' id='line_1_32' title="bbox 136 3825 1288 3914; baseline 0.002 -22"><span class='ocrx_word' id='word_1_254' title='bbox 136 3829 233 3914; x_wconf 87' lang='lat' dir='ltr'>igitur</span> <span class='ocrx_word' id='word_1_255' title='bbox 253 3830 304 3894; x_wconf 91' lang='lat' dir='ltr'>est</span> <span class='ocrx_word' id='word_1_256' title='bbox 318 3825 455 3894; x_wconf 85' lang='lat' dir='ltr'>Siluium</span> <span class='ocrx_word' id='word_1_257' title='bbox 474 3829 687 3896; x_wconf 87' lang='lat' dir='ltr'>bibliothecae</span> <span class='ocrx_word' id='word_1_258' title='bbox 703 3829 897 3896; x_wconf 76' lang='lat' dir='ltr'>Tellerianae</span> <span class='ocrx_word' id='word_1_259' title='bbox 914 3829 1079 3896; x_wconf 89' lang='lat' dir='ltr'>Remensie</span> <span class='ocrx_word' id='word_1_260' title='bbox 1095 3830 1288 3914; x_wconf 88' lang='lat' dir='ltr'>aliquamdiu</span> 
     </span>
     <span class='ocr_line' id='line_1_33' title="bbox 139 3935 1289 4020; baseline 0.003 -21"><span class='ocrx_word' id='word_1_261' title='bbox 139 3935 314 4002; x_wconf 86' lang='lat' dir='ltr'>antistitem</span> <span class='ocrx_word' id='word_1_262' title='bbox 349 3955 385 4000; x_wconf 84' lang='lat' dir='ltr'>ex</span> <span class='ocrx_word' id='word_1_263' title='bbox 417 3937 498 4001; x_wconf 89' lang='lat' dir='ltr'>libro</span> <span class='ocrx_word' id='word_1_264' title='bbox 532 3935 677 4001; x_wconf 89' lang='lat' dir='ltr'>abbatiae</span> <span class='ocrx_word' id='word_1_265' title='bbox 712 3956 737 4004; x_wconf 92' lang='grc'>6.</span> <span class='ocrx_word' id='word_1_266' title='bbox 766 3937 955 4003; x_wconf 83' lang='lat' dir='ltr'>Theoderici</span> <span class='ocrx_word' id='word_1_267' title='bbox 981 3937 1145 4002; x_wconf 85' lang='lat' dir='ltr'>Remensis</span> <span class='ocrx_word' id='word_1_268' title='bbox 1179 3935 1289 4020; x_wconf 89' lang='grc'><strong>061611</strong></span> 
     </span>
     <span class='ocr_line' id='line_1_34' title="bbox 139 4042 1287 4129; baseline 0.003 -21"><span class='ocrx_word' id='word_1_269' title='bbox 139 4062 232 4126; x_wconf 90' lang='lat' dir='ltr'>opera</span> <span class='ocrx_word' id='word_1_270' title='bbox 260 4043 315 4108; x_wconf 92' lang='grc'>661</span> <span class='ocrx_word' id='word_1_271' title='bbox 342 4042 449 4126; x_wconf 89' lang='lat' dir='ltr'>ipsum</span> <span class='ocrx_word' id='word_1_272' title='bbox 478 4044 684 4128; x_wconf 83' lang='lat' dir='ltr'>exscripsisse</span> <span class='ocrx_word' id='word_1_273' title='bbox 716 4047 770 4110; x_wconf 90' lang='lat' dir='ltr'>uel</span> <span class='ocrx_word' id='word_1_274' title='bbox 800 4045 1003 4110; x_wconf 84' lang='lat' dir='ltr'>exscribenda</span> <span class='ocrx_word' id='word_1_275' title='bbox 1044 4064 1182 4123; x_wconf 85' lang='lat' dir='ltr'>curasse,</span> <span class='ocrx_word' id='word_1_276' title='bbox 1225 4065 1287 4129; x_wconf 93' lang='lat' dir='ltr'>quo</span> 
     </span>
     <span class='ocr_line' id='line_1_35' title="bbox 140 4149 1287 4234; baseline 0.002 -20"><span class='ocrx_word' id='word_1_277' title='bbox 140 4149 307 4234; x_wconf 82' lang='lat' dir='ltr'>exemplari</span> <span class='ocrx_word' id='word_1_278' title='bbox 340 4168 419 4214; x_wconf 88' lang='lat' dir='ltr'>usus</span> <span class='ocrx_word' id='word_1_279' title='bbox 453 4153 503 4215; x_wconf 89' lang='grc'>661</span> <span class='ocrx_word' id='word_1_280' title='bbox 536 4149 706 4233; x_wconf 82' lang='lat' dir='ltr'>Dupinins.</span> <span class='ocrx_word' id='word_1_281' title='bbox 738 4170 812 4217; x_wconf 86' lang='lat' dir='ltr'>mox</span> <span class='ocrx_word' id='word_1_282' title='bbox 843 4149 946 4217; x_wconf 88' lang='lat' dir='ltr'>hunce</span> <span class='ocrx_word' id='word_1_283' title='bbox 977 4151 1095 4216; x_wconf 88' lang='lat' dir='ltr'>librum</span> <span class='ocrx_word' id='word_1_284' title='bbox 1126 4151 1158 4215; x_wconf 89' lang='lat' dir='ltr'>in</span> <span class='ocrx_word' id='word_1_285' title='bbox 1196 4171 1287 4216; x_wconf 90' lang='lat' dir='ltr'>suam</span> 
     </span>
     <span class='ocr_line' id='line_1_36' title="bbox 139 4253 1288 4340; baseline 0.005 -22"><span class='ocrx_word' id='word_1_286' title='bbox 139 4253 366 4322; x_wconf 88' lang='lat' dir='ltr'>bibliothecam</span> <span class='ocrx_word' id='word_1_287' title='bbox 398 4257 528 4321; x_wconf 86' lang='lat' dir='ltr'>rettulit</span> <span class='ocrx_word' id='word_1_288' title='bbox 548 4257 711 4332; x_wconf 87' lang='lat' dir='ltr'>Balunius,</span> <span class='ocrx_word' id='word_1_289' title='bbox 744 4257 799 4340; x_wconf 90' lang='lat' dir='ltr'>qui</span> <span class='ocrx_word' id='word_1_290' title='bbox 829 4257 989 4324; x_wconf 86' lang='lat' dir='ltr'>indefesso</span> <span class='ocrx_word' id='word_1_291' title='bbox 1023 4258 1129 4325; x_wconf 89' lang='lat' dir='ltr'>studio</span> <span class='ocrx_word' id='word_1_292' title='bbox 1162 4258 1288 4324; x_wconf 90' lang='grc'><strong>6611666</strong></span> 
     </span>
    </p>
   </div>
   <div class='ocr_carea' id='block_1_3' title="bbox 141 4363 1289 4449">
    <p class='ocr_par' dir='ltr' id='par_1_3' title="bbox 141 4363 1289 4449">
     <span class='ocr_line' id='line_1_37' title="bbox 141 4363 1289 4449; baseline 0.003 -25"><span class='ocrx_word' id='word_1_293' title='bbox 141 4363 286 4445; x_wconf 87' lang='grc'><strong>66116666</strong></span> <span class='ocrx_word' id='word_1_294' title='bbox 310 4364 413 4427; x_wconf 86' lang='lat' dir='ltr'>totam</span> <span class='ocrx_word' id='word_1_295' title='bbox 436 4381 493 4445; x_wconf 91' lang='lat' dir='ltr'>per</span> <span class='ocrx_word' id='word_1_296' title='bbox 515 4363 614 4427; x_wconf 84' lang='lat' dir='ltr'>uitam</span> <span class='ocrx_word' id='word_1_297' title='bbox 639 4366 776 4428; x_wconf 90' lang='lat' dir='ltr'>uenatus</span> <span class='ocrx_word' id='word_1_298' title='bbox 801 4363 832 4428; x_wconf 90' lang='lat' dir='ltr'>in</span> <span class='ocrx_word' id='word_1_299' title='bbox 857 4363 1046 4449; x_wconf 85' lang='lat' dir='ltr'>apographis</span> <span class='ocrx_word' id='word_1_300' title='bbox 1069 4368 1139 4429; x_wconf 93' lang='lat' dir='ltr'>tum</span> <span class='ocrx_word' id='word_1_301' title='bbox 1159 4366 1289 4430; x_wconf 90' lang='lat' dir='ltr'>demum</span> 
     </span>
    </p>
   </div>
   <div class='ocr_carea' id='block_1_4' title="bbox 0 0 1592 5020">
    <p class='ocr_par' dir='ltr' id='par_1_4' title="bbox 0 0 1592 5020">
     <span class='ocr_line' id='line_1_38' title="bbox 0 0 1592 5020; baseline 0 0"><span class='ocrx_word' id='word_1_302' title='bbox 0 0 1592 5020; x_wconf 95' lang='lat' dir='ltr'> </span> 
     </span>
    </p>
   </div>
  </div>
 </body>
</html>
