3064 5010
469 455 585 507 Liber
614 461 758 517 sertus,
788 477 809 508 c.
838 457 916 509 3—4.
1205 464 1267 525 149

125 647 208 710 illic
233 649 450 712 inuocatnm
475 652 542 728 est,
568 650 663 714 dicit
683 651 782 715 dens.
805 655 836 715 et
855 652 964 734 utique
983 655 1055 737 plns
1076 658 1125 718 est
1145 659 1269 737 portare

124 773 218 835 qnam
239 759 377 839 tangere.
396 775 469 839 ergo
488 757 551 820 ianr
571 757 692 840 liquido
712 762 841 840 apparet
860 778 895 822 er
913 759 1113 825 inuocatione
1133 761 1269 826 nominis

125 859 173 924 dei
205 881 302 944 posse
340 863 460 944 aliquid
507 864 704 941 sanctificari,
744 865 840 929 etiam
883 866 910 930 si
952 870 1098 949 peccator
1142 867 1271 932 inuocet

125 967 233 1042 deum3
263 988 325 1033 non
354 970 438 1033 enim
466 973 587 1033 tantam
615 972 682 1035 uim
709 975 816 1054 potest
839 973 954 1036 habere
977 975 1093 1046 tactus,
1119 977 1270 1054 quantam

98 1074 220 1138 shabet
253 1074 353 1139 diuini
384 1078 522 1142 nominis
553 1079 724 1145 innodatio.
749 1099 821 1142 nam
855 1083 887 1142 et
918 1098 988 1156 uos,
1022 1080 1076 1161 qui
1107 1080 1199 1144 uobis
1232 1079 1270 1143 de

125 1186 232 1245 nestra
261 1185 429 1248 sanctitate
456 1185 672 1266 praesumitis,
704 1185 809 1262 dicite,
835 1185 862 1250 si
885 1188 991 1250 tactus
1016 1186 1192 1250 sanctificat
1215 1190 1271 1249 ant

125 1289 295 1354 inuocatio.
321 1291 429 1373 ntique
454 1291 624 1368 inuocatio,
654 1311 715 1355 non
744 1294 865 1356 tactus:
896 1297 952 1355 ant
975 1293 1002 1356 si
1026 1293 1064 1357 de
1088 1293 1156 1356 solo
1180 1295 1269 1357 tactu

100 1396 338 1476 praesumitis,
363 1399 485 1479 tangite
509 1398 662 1472 tabulam,
691 1398 839 1480 lapidem.
864 1403 1001 1462 uestem:
1030 1399 1207 1463 uideamus.
1232 1417 1271 1462 an

127 1507 234 1566 sancta
260 1522 329 1566 esse
353 1504 488 1584 possint,
514 1487 544 1568 sl
566 1504 603 1567 de
628 1504 686 1567 deo
709 1507 861 1570 taceatur.

91 1631 112 1666 lo
168 1609 201 1673 4.
236 1610 303 1672 lam
336 1609 416 1672 illud
449 1627 544 1690 qnam
578 1611 723 1685 stultum,
758 1629 852 1691 quam
884 1629 1002 1673 uanum
1031 1614 1090 1681 est,
1120 1611 1204 1693 quod
1233 1611 1272 1674 ad

127 1717 325 1780 uoluntatem
346 1720 378 1779 et
396 1716 487 1799 qnasi
507 1717 545 1779 ad
565 1717 754 1800 dignitatem
776 1721 915 1781 nestram
938 1737 1085 1782 reuocare
1109 1719 1270 1795 uoluistis,

128 1824 162 1884 ut
193 1821 333 1904 uirgines
367 1821 418 1885 dei
450 1841 541 1904 agere
574 1822 800 1905 paenitentiam
826 1822 991 1898 discerent,
1022 1826 1058 1886 ut
1084 1823 1271 1888 iamdudum

127 1929 286 2010 professae
316 1929 405 2012 signa
432 1929 609 1993 uoluntatis
639 1929 797 2011 capitibus
824 1932 936 2011 postea
963 1930 1056 2002 uobis
1087 1931 1270 1996 iubentibus

127 2035 328 2112 inmutarent,
357 2040 394 2098 ut
422 2036 561 2099 mitellas
591 2036 669 2099 alias
697 2037 873 2118 proicerent
901 2039 933 2099 et
959 2037 1037 2100 alias
1062 2038 1269 2120 accepissent.

91 2161 110 2198 1⁵
128 2128 226 2224 primo
256 2143 350 2206 dicite
380 2143 481 2220 nobis
511 2144 566 2206 ubi
594 2143 686 2207 uobis
715 2143 753 2206 de
781 2144 913 2207 mitellis
943 2144 1063 2226 aliquid
1086 2145 1270 2208 mandatum

130 2252 185 2315 est.
220 2250 386 2333 uirginitas
430 2251 513 2314 enim
554 2251 730 2314 uoluntatis
772 2270 821 2314 res
864 2253 923 2319 est.
961 2271 1022 2314 non
1060 2252 1270 2318 necessitatis.

130 2355 262 2437 denique
288 2358 479 2422 stabularius
500 2358 553 2420 ille
573 2357 692 2420 Paulus
713 2359 886 2439 apostolus,
907 2358 958 2422 cui
978 2358 1143 2422 confossus
1162 2377 1271 2440 pecca·

129 2467 232 2526 torum
264 2465 449 2528 uulneribus
482 2464 619 2546 populns
649 2465 888 2529 commendatus
917 2469 975 2540 est,
1005 2465 1084 2528 dnos
1118 2463 1270 2540 denarios,

130 2589 208 2652 quos
232 2575 404 2654 erogasset,
429 2573 604 2652 acceperat,
638 2571 699 2635 duo
729 2573 852 2636 scilicet
879 2575 1081 2650 testamenta,
1114 2571 1191 2634 haec
1218 2590 1273 2654 per

92 2693 114 2729 20
131 2677 303 2743 doctrinam
327 2679 417 2760 quasi
436 2682 582 2760 sumptus
602 2678 755 2760 inpendit,
776 2679 893 2745 docuit.
914 2679 1071 2760 quomodo
1091 2677 1272 2760 coniugales

132 2785 292 2848 christiani
321 2785 454 2849 debeant
481 2786 605 2849 uiuere:
636 2785 673 2848 de
703 2805 763 2866 quo
794 2805 864 2849 curn
894 2790 1106 2868 quaereretur,
1136 2783 1211 2866 quid
1235 2783 1272 2846 de

221 2991 305 3042 16-
326 3008 351 3060 p.
374 2991 434 3054 150,
454 2991 470 3044 8
490 2991 535 3045 cfr.
554 2991 682 3060 Fulgent.
701 2992 783 3060 Rusp.
805 2991 845 3044 ad
866 2992 975 3045 Monim.
997 2993 1022 3054 2,
1043 2993 1077 3045 13
1102 2993 1165 3060 (193
1183 2993 1270 3060 Mgn.)

134 3078 165 3131 18
185 3079 230 3131 cfr.
247 3080 307 3132 Luc.
329 3081 370 3143 10,
391 3080 432 3132 34.
453 3080 487 3148 35
803 3096 808 3106 ·

169 3248 181 3299 1
203 3246 265 3300 illuc
281 3246 352 3302 RBo
407 3246 457 3299 dic.
478 3245 601 3300 dominns
619 3247 668 3301 OG
724 3249 740 3299 2
759 3249 811 3300 iam
833 3214 946 3316 aliquid⁰
960 3249 985 3317 (a
1005 3247 1055 3301 del,
1076 3253 1100 3300 ct
1119 3265 1133 3299 o
1152 3263 1271 3314 soprscr.

130 3353 164 3420 oa.
185 3339 214 3401 2)
234 3336 269 3398 R,
290 3337 393 3405 aliquid
412 3353 428 3389 o
448 3339 529 3402 (corr.
554 3336 658 3402 Cochl.)
719 3338 869 3405 dpossunt
887 3336 1020 3389 haberer>
1093 3338 1221 3403 quantam
1243 3337 1270 3392 (n
1295 3370 1298 3374 -

132 3423 295 3490 ieras.)0
357 3424 660 3490 lsi(s.l.m.2)R
719 3422 901 3476 9seddeB
962 3424 994 3477 10
1012 3423 1081 3475 illud
1100 3421 1172 3491 quod
1191 3422 1272 3474 stB

132 3515 173 3565 est
192 3529 241 3564 om.
260 3514 293 3566 ob
351 3514 380 3564 ll
402 3513 527 3564 noluistis
548 3513 592 3573 (in
612 3517 680 3578 rus.)
700 3512 728 3563 B
783 3513 816 3564 12
835 3512 905 3581 nirgi
927 3511 1034 3578 (sic)B
1106 3515 1272 3579 agerent...

134 3627 264 3681 discentes
280 3593 410 3696 (elidentes
424 3645 457 3679 oa
473 3631 488 3678 1
502 3628 539 3690 B)
553 3627 624 3681 RBo
697 3632 809 3695 agerent
824 3641 884 3687 lom.
897 3626 1041 3690 discentes)
1054 3625 1069 3678 b
1117 3627 1149 3678 13
1164 3626 1270 3694 postea]

133 3717 258 3785 imposita
284 3717 404 3771 Cosano.
432 3717 598 3785 accepissent
618 3719 713 3786 postea
736 3731 799 3766 nero
823 3714 935 3767 uobiso
1016 3714 1103 3783 uobis]
1128 3731 1191 3766 nero
1214 3713 1269 3768 RB

134 3804 212 3866 nobis
225 3805 377 3859 iubentibus
397 3805 489 3860 oon.C
560 3807 593 3858 14
611 3822 645 3857 m.
665 3805 744 3872 alias]
763 3821 798 3856 m.
818 3821 910 3857 aureas
929 3804 1000 3858 RBo
1072 3807 1100 3856 et
1120 3820 1169 3856 om.
1183 3803 1271 3858 RBob

135 3896 284 3963 acciperent
307 3897 326 3948 d
417 3897 449 3949 15
474 3896 555 3949 dicite
583 3895 661 3948 uobis
685 3912 735 3948 om.
765 3895 843 3956 Rae,
869 3893 949 3946 dicite
978 3893 1025 3945 ubi
1054 3893 1070 3945 b
1168 3891 1272 3961 aliquid

135 3982 166 4034 de
181 3983 284 4034 mitella
296 3983 385 4037 navo
441 3984 474 4035 16
489 3983 631 4052 uirginitas
646 3983 801 4034 enim-aut
813 3981 887 4050 cogit
900 3983 937 4048 (p.
956 3981 1015 4042 150,
1026 3981 1056 4046 8)
1075 3981 1170 4048 Optoti
1183 3981 1274 4034 uerbis

135 4087 201 4152 osus
230 4071 317 4137 adfert
344 4071 543 4141 Γαίᾳ-11111431.
565 4072 582 4124 l.
709 4088 762 4122 non
780 4071 949 4123 necessitatis
968 4085 1019 4122 om.
1039 4070 1066 4121 B
1175 4070 1207 4122 17
1226 4070 1273 4122 ille

136 4186 272 4254 apostolus
290 4187 390 4240 Paulus
413 4188 452 4240 so'e
471 4188 549 4254 apud
566 4186 742 4255 Fulgentium
875 4155 1010 4249 confessus
1032 4188 1057 4250 (o
1076 4203 1097 4238 o.
1118 4186 1135 4237 l.
1154 4202 1188 4237 m.
1204 4188 1235 4252 2)
1253 4184 1277 4238 0

137 4275 319 4344 peccatoribus
344 4276 371 4328 in
400 4276 557 4329 uulneribus
580 4275 607 4327 B
699 4276 732 4328 18
761 4279 802 4327 est
825 4290 875 4327 om.
898 4274 987 4329 RBob
1078 4276 1111 4327 21
1137 4274 1274 4327 debente

138 4380 225 4431 aquo
244 4363 301 4417 edd.
322 4367 440 4430 (poroetcr
458 4363 600 4432 Fulgent.)
675 4363 707 4415 de
728 4378 779 4431 quo
799 4362 856 4431 ipse
876 4379 934 4414 cum
958 4361 1008 4416 OG
