3148 5020
636 472 855 530 Praefatio.
1218 475 1322 539 XLIII

170 689 228 754 spe
250 670 377 748 ductus,
401 669 468 734 fore
486 669 524 732 ut
541 666 746 732 adiuuaretur
764 665 951 732 correctione
969 667 1135 751 magisque
1154 667 1321 733 emendato

169 774 342 858 exemplari
374 793 410 838 ex
428 772 518 836 illius
545 771 742 837 bibliotheca
775 771 1007 854 copiosissima.
1045 772 1116 854 ipse
1149 771 1320 840 editionem

170 901 264 948 suam
282 882 447 963 nuncupat
464 879 645 960 festinatam
664 881 696 942 ct
715 877 859 943 codicem
879 876 1051 956 Cusanum,
1076 897 1139 960 quo
1158 899 1221 945 uno
1240 900 1319 946 usus

170 993 232 1066 est,
256 1009 294 1052 ec
325 987 455 1067 coelique
487 985 588 1048 codice
619 984 767 1065 quopiam
798 984 940 1048 mendose
972 983 1012 1047 od
1043 984 1164 1050 indocto
1191 985 1321 1052 librario

169 1096 324 1174 scriptum
346 1097 374 1156 ei
393 1092 431 1155 ab
450 1091 512 1156 olio
530 1091 673 1172 deacepa
690 1090 787 1154 nauco
809 1091 911 1156 adhuc
928 1091 1108 1156 „occasus
1126 1094 1319 1174 rescriptum.

171 1219 208 1266 ac
235 1200 377 1282 profecto
401 1201 513 1266 scatet
540 1197 687 1264 Cusanus
717 1197 773 1262 ille
797 1197 920 1262 mendis
945 1197 1048 1263 omnis
1080 1199 1214 1282 generis,
1238 1201 1321 1264 inter

169 1327 251 1389 quae
269 1307 340 1390 ipso
358 1308 443 1372 teste
469 1305 663 1372 Cochlaeum
689 1305 873 1388 frequenter
896 1305 992 1370 torsit
1016 1305 1163 1383 „indocta
1186 1309 1219 1371 et
1241 1306 1320 1371 indi·

169 1412 288 1478 stincta
311 1415 367 1477 aut
388 1412 497 1494 potius
521 1412 605 1477 male
630 1411 782 1476 distincta
805 1411 968 1495 scriptoris
993 1411 1142 1495 depictio,
1173 1412 1320 1495 quisine

170 1537 247 1584 cura
269 1520 338 1585 ueri
361 1538 475 1585 sensns
499 1520 608 1585 literas
633 1520 665 1584 et
689 1519 828 1602 syllabas
858 1519 1030 1584 uerborum
1053 1519 1136 1583 male
1161 1519 1322 1584 coniunxit

170 1628 227 1690 aut
254 1625 483 1693 disiunxit...
507 1625 598 1690 uerbi
621 1626 739 1710 gratia:
767 1625 829 1690 feci
850 1628 926 1690 tuos
947 1653 984 1680 =
1006 1625 1084 1690 fecit
1104 1643 1181 1702 uos;
1205 1627 1321 1690 areni-

171 1733 303 1799 doribus
333 1763 376 1786 =
407 1751 478 1798 arae
515 1733 696 1809 nidoribus;
731 1733 931 1798 florentiatus
968 1751 1078 1798 eorum
1106 1762 1146 1790 ==
1177 1732 1322 1798 florentia

170 1839 366 1905 'tuscorum‘
390 1859 417 1906 e.
439 1859 468 1924 q.
489 1859 514 1904 s.
531 1859 558 1906 a.
584 1838 640 1904 sed
663 1839 767 1904 multo
791 1839 952 1923 grauiores
976 1838 1183 1904 difficultates
1207 1829 1321 1904 editori

168 1945 218 2009 illi
247 1946 422 2012 lectionum
450 1947 589 2030 ineptiae
619 1965 656 2012 ac
685 1945 911 2028 peruersitates
941 1946 1102 2029 plerisque
1123 1946 1157 2010 in
1183 1947 1265 2013 locis
1288 1950 1323 2010 ct

168 2052 319 2116 turbatus
341 2051 458 2117 iterum
476 2053 657 2134 itemmquc
681 2051 911 2116 sententiarum
930 2051 1005 2116 ordo
1029 2052 1217 2131 attulerunt,
1242 2071 1320 2134 quas

173 2157 235 2222 etsi
258 2177 320 2224 non
340 2177 451 2224 omnes
474 2161 559 2224 recte
582 2158 740 2223 intellexit
763 2161 820 2222 aut
842 2158 1000 2242 sagaciter
1022 2157 1191 2240 expedint,
1214 2161 1320 2222 tamen

170 2265 306 2347 aequius
335 2265 519 2348 iustiusque
550 2265 589 2330 de
619 2264 708 2330 illius
739 2284 834 2348 opera
864 2267 896 2330 et
923 2283 1018 2348 opere
1045 2264 1180 2329 iudicari
1202 2264 1319 2331 docuit.

169 2375 221 2438 est
250 2372 335 2436 enim
372 2371 601 2455 scripturarum
638 2389 735 2437 sensu
766 2372 941 2436 carentium
965 2371 1096 2436 adfatim
1125 2371 1158 2436 in
1194 2369 1318 2438 Cusano

168 2465 263 2543 uelut
286 2479 339 2556 20,
365 2479 402 2554 1,
433 2478 486 2556 22,
511 2479 549 2554 4,
579 2479 633 2555 36,
658 2479 689 2544 8.
715 2478 773 2554 13,
805 2479 858 2557 38,
884 2479 912 2544 1.
939 2479 998 2555 21,
1023 2479 1076 2556 46,
1101 2479 1160 2555 24,
1185 2480 1239 2558 47,
1260 2479 1318 2554 11,

170 2585 224 2663 56,
251 2585 310 2660 15,
336 2585 389 2658 58,
415 2585 475 2660 13,
505 2584 558 2663 69,
592 2585 643 2652 11.
669 2586 722 2650 16.
742 2585 802 2660 22,
833 2584 886 2662 77,
912 2584 949 2671 7,
974 2585 1027 2664 81,
1051 2587 1088 2661 4,
1119 2585 1172 2663 85,
1197 2587 1234 2660 4,
1267 2587 1320 2663 87,

169 2693 230 2767 20,
264 2692 317 2768 95,
352 2693 410 2767 18,
447 2691 521 2769 103,
555 2691 592 2767 3,
629 2692 703 2770 108,
739 2692 797 2768 14,
830 2692 904 2770 114,
929 2692 967 2767 3,
997 2693 1071 2771 120,
1097 2693 1134 2766 2,
1160 2692 1235 2769 120,
1261 2693 1319 2766 17,

169 2800 245 2875 134,
278 2801 336 2874 14,
368 2799 443 2877 145,
477 2800 536 2875 15,
562 2799 637 2877 146,
663 2798 698 2873 7,
729 2799 804 2877 150,
828 2800 866 2874 4,
898 2801 972 2878 151,
1006 2801 1058 2877 10,
1088 2797 1142 2881 qui
1169 2817 1320 2864 numerus

168 2906 242 2990 plus
280 2905 412 2989 triginta
448 2905 528 2970 locis
564 2907 710 2990 augetur,
746 2905 778 2970 in
817 2905 932 2987 quibus
969 2905 1145 2972 Cochlaeus
1185 2905 1322 2990 genuina

167 3013 222 3076 uel
255 3031 314 3076 sno
345 3015 446 3076 marte
484 3011 644 3077 diuiuauit
683 3012 737 3076 uel
770 3029 920 3093 peruersa
962 3012 1142 3095 explanauit
1177 3011 1246 3096 (cir.
1288 3013 1320 3089 4,

169 3120 207 3194 6,
244 3121 274 3196 5,
309 3120 368 3193 16,
402 3120 433 3197 6,
469 3120 564 3194 28,
600 3113 899 3197 13,13,17,10,
932 3119 986 3197 20,
1011 3119 1070 3194 24,
1095 3118 1148 3195 27,
1174 3120 1233 3194 19,
1266 3120 1320 3196 38,

170 3225 229 3300 11,
255 3226 309 3303 45,
337 3227 395 3301 12,
425 3225 479 3304 47,
505 3227 565 3300 23,
596 3227 651 3302 64,
678 3227 737 3301 13,
766 3226 819 3302 67,
844 3227 882 3300 6,
912 3225 965 3301 76,
991 3228 1028 3301 5,
1055 3227 1129 3302 124,
1155 3227 1213 3300 21,
1245 3225 1319 3302 143,

170 3333 229 3407 18,
257 3334 332 3408 152,
358 3333 401 3415 5),
433 3350 513 3414 quae
538 3331 829 3398 animaduersiones
854 3351 872 3396 a
895 3332 1102 3414 sequentibus
1133 3331 1320 3408 editoribus

168 3437 314 3519 inprimis
345 3455 364 3501 a
392 3437 550 3502 Balduino
581 3437 679 3502 tacito
710 3437 847 3520 quodam
879 3455 1037 3504 consensu
1066 3439 1211 3520 receptae
1235 3440 1319 3502 sunt.

170 3541 255 3624 quod
292 3543 457 3607 turbatum
496 3543 725 3609 sententiarum
764 3539 909 3607 ¹ordinem
947 3543 1078 3622 attinet,
1125 3544 1221 3610 codex
1264 3544 1320 3608 illo

170 3647 318 3714 Oceanus
347 3649 462 3732 partim
494 3668 567 3715 cum
595 3649 745 3714 Remensi
775 3651 807 3713 et
833 3649 1004 3714 Baluziano
1034 3650 1124 3714 libris
1154 3650 1231 3714 facit
1253 3651 1319 3732 (77,

171 3756 230 3832 18,
256 3757 309 3833 88,
333 3758 377 3834 4),
400 3755 515 3839 partim
540 3757 628 3820 solus
656 3755 858 3821 cohaerentia
881 3774 917 3820 ao
948 3773 1065 3820 conexa
1088 3756 1319 3839 transponendo

170 3861 325 3928 disiunxit
357 3864 424 3943 (84,
457 3865 492 3938 3,
528 3864 581 3941 86,
612 3864 672 3938 24,
706 3865 780 3940 100,
812 3864 869 3939 14,
903 3863 1062 3940 112,14;
1095 3864 1169 3941 119,
1194 3863 1234 3949 3),
1258 3883 1322 3946 qua

171 3987 245 4034 sane
277 3968 514 4052 deprecationis
553 3987 649 4035 causa
679 3989 741 4034 non
771 3972 939 4050 perspecte
975 3989 1096 4034 errasse
1126 3969 1320 4036 Cochlaeum

169 4075 289 4141 flustra
318 4073 559 4140 emendaturum
589 4093 651 4140 uon
683 4077 733 4140 est
762 4075 952 4159 negandum.
982 4079 1144 4159 praetcrea
1175 4076 1320 4143 Oceanus

170 4181 293 4247 lacunis
318 4178 445 4246 maioris
468 4181 642 4248 minorisue
673 4181 814 4246 ambitus
838 4183 946 4248 crebro
970 4183 1104 4248 uitiatur
1133 4180 1178 4268 (4,
1203 4187 1235 4248 4.
1260 4186 1319 4261 14,

172 4290 202 4367 5,
226 4291 263 4365 3,
290 4290 341 4366 13,
368 4289 406 4376 2,
432 4289 483 4367 14,
509 4289 568 4363 22,
594 4290 705 4366 21,9,
731 4289 784 4366 30,
809 4287 913 4364 3-5,
938 4290 991 4366 31,
1014 4288 1050 4365 7,
1074 4292 1128 4368 36,
1154 4292 1184 4353 5.
1210 4292 1240 4356 8.
1267 4293 1318 4358 10.

173 4396 230 4471 11,
256 4397 309 4475 43,
337 4396 392 4472 13,
418 4395 471 4471 60,
498 4396 556 4470 22,
583 4397 635 4474 64,
661 4397 719 4471 19,
752 4393 803 4474 66,
830 4396 889 4469 14,
919 4395 970 4473 93,
997 4398 1055 4472 13,
1081 4397 1133 4474 95,
1160 4397 1218 4474 21,
1244 4398 1319 4476 109,
