3064 5010
504 369 621 421 Liber
649 370 851 437 septimus,
881 386 903 422 c.
928 371 951 422 1.
1249 375 1309 437 167

162 566 299 648 possint.
325 563 513 628 damnentur
545 565 578 627 et
599 563 657 640 illi,
682 563 737 645 qui
759 565 896 628 ferentes
923 564 1020 631 libros
1048 565 1130 648 legis
1153 563 1311 630 temerarii

164 691 198 736 se
221 671 392 754 rapacibus
421 671 515 735 undis
543 670 709 734 fluminum
739 670 937 735 crediderunt
964 673 997 735 et
1020 691 1053 736 se
1076 671 1202 736 liberari
1225 672 1311 755 cupi-

164 782 254 842 entes
280 778 451 861 scripturas
475 777 507 840 in
531 778 624 842 undis
649 797 665 842 e
690 778 757 842 suis
780 777 928 842 manibus
952 778 1151 846 dimiserunt.
1186 798 1260 863 ergo
1284 779 1311 843 si

165 883 324 967 scriptura
351 903 414 947 una
442 886 501 960 est,
527 887 560 947 et
587 884 666 977 hanc
695 885 750 966 qui
774 902 899 948 seruare
923 903 985 948 non
1007 885 1122 968 potuit,
1146 905 1219 951 reus
1244 889 1310 963 θεῖς

135 992 246 1054 salter
278 991 373 1054 undis
406 989 546 1068 tradidit,
581 990 659 1054 'lter
686 991 848 1055 rosoribus
880 991 994 1054 bestiis
1028 991 1204 1074 dereliquit,
1230 993 1311 1057 alius

165 1097 331 1162 stillicidio
365 1097 593 1178 corrumpenda
624 1097 772 1180 neglexit,
806 1097 886 1161 alter
917 1100 1005 1162 metu
1023 1099 1149 1164 ‘mortis
1181 1100 1312 1164 territus

164 1204 260 1268 homo
281 1203 401 1268 homini
421 1202 528 1278 dedit;
550 1203 577 1267 si
596 1223 695 1267 unum
714 1207 773 1280 est,
795 1203 880 1286 quod
899 1204 937 1268 ab
958 1205 1104 1270 omnibus
1124 1205 1311 1282 admittitur,

166 1329 261 1392 quare
294 1310 432 1394 eligitur,
458 1310 512 1391 qui
542 1310 718 1387 damnetur,
743 1329 816 1374 cum
844 1302 947 1376 leuior
969 1313 1062 1395 culpa
1086 1312 1128 1376 sit
1150 1313 1312 1377 traditoris

165 1437 262 1498 quam
286 1417 511 1501 neglegentis?
536 1417 590 1499 qui
614 1421 686 1481 ante
710 1436 817 1482 mures
845 1418 954 1500 posuit
981 1421 1037 1483 aut
1065 1421 1123 1484 sub
1149 1420 1311 1486 stillicidio
1395 1455 1397 1458 ·

126 1543 149 1580 ιο
165 1524 307 1605 reliquit,
332 1524 499 1588 uoluntate
523 1525 695 1608 neglegens
718 1524 790 1601 furit,
811 1528 843 1589 θῖ
867 1525 971 1607 quiin
990 1525 1088 1590 fiuuio
1107 1527 1254 1609 perdidit,
1275 1527 1312 1590 de

165 1631 346 1716 temer'tate
378 1631 542 1713 peccauit3
576 1631 631 1713 qui
657 1633 745 1694 metu
773 1631 884 1696 mortis
909 1632 1030 1713 aliquid
1053 1633 1193 1710 tradidit,
1217 1634 1311 1698 homo

164 1737 287 1801 homini
319 1737 425 1813 dedit3
458 1737 617 1821 integrum
650 1741 717 1803 erat
749 1738 832 1820 apud
865 1738 1003 1818 dantem,
1034 1740 1195 1824 integrum
1228 1740 1312 1823 apud

167 1843 384 1926 accipientem.
414 1843 451 1920 si,
477 1844 532 1924 qui
560 1843 685 1926 accipit,
704 1843 840 1908 flammis
859 1844 1000 1922 tradidit,
1019 1849 1187 1927 peccatum
1209 1846 1313 1930 magis

167 1950 368 2014 accendentis
401 1952 460 2027 est,
485 1969 547 2014 non
578 1950 742 2015 tradentis.
776 1950 856 2016 haec
888 1952 915 2015 si
948 1971 966 2016 a
997 1953 1169 2017 maioribus
1197 1953 1313 2017 uestris

127 2057 355 2133 edicerentur,
380 2056 503 2139 quando
526 2057 600 2120 illos
623 2058 775 2140 repellere
795 2061 939 2122 anostra
962 2059 1182 2123 commuuione
1205 2077 1313 2142 posse-

167 2167 265 2227 mus?
287 2163 314 2228 si
333 2163 429 2227 etiam
443 2163 592 2228 Antiochi
607 2164 691 2248 regis
706 2167 849 2246 tempora
863 2183 1109 2230 commemorare
1125 2166 1313 2244 uoluissent,

169 2270 284 2352 quibus
320 2289 428 2334 omnes
460 2269 571 2333 Iudaei
613 2271 714 2334 coacti
748 2273 832 2347 sunt,
865 2273 902 2333 ut
933 2271 1031 2336 libros
1063 2272 1096 2334 in
1133 2271 1314 2336 incendium

169 2377 288 2461 darent,
314 2381 346 2440 et
376 2377 422 2441 ita
453 2377 603 2442 uniuersa
636 2376 791 2460 scriptura
824 2377 897 2440 data
930 2380 988 2454 est,
1013 2381 1050 2442 ut
1073 2397 1150 2460 aper
1174 2397 1257 2443 unrrs
1281 2380 1313 2442 in

169 2485 274 2566 aliquo
297 2483 377 2548 lib'ro
397 2484 527 2548 minime
545 2484 771 2548 remansisset?
792 2483 829 2546 de
848 2483 975 2548 Iudaeis
993 2485 1049 2548 illo
1066 2487 1206 2567 tempore
1221 2504 1313 2550 nemo

130 2605 154 2641 20
170 2589 336 2654 damnatus
366 2593 416 2654 est
442 2608 500 2654 nec
530 2609 547 2653 a
576 2590 633 2654 deo
657 2591 710 2654 uel
735 2591 773 2654 ab
799 2590 904 2672 aliquo
929 2591 1040 2673 angelo
1065 2591 1097 2652 in
1122 2609 1313 2674 quemquam

166 2697 319 2761 Iudaeum
349 2699 409 2762 est
431 2698 498 2760 ulla
527 2696 612 2760 diota
640 2697 807 2774 sententia,
837 2698 911 2778 quia
937 2701 1103 2780 peccatum
1130 2697 1234 2761 iuerat
1256 2697 1314 2760 im-

166 2805 303 2886 perantis
329 2808 361 2869 et
383 2805 543 2881 minantis,
568 2823 629 2869 non
662 2792 773 2886 populi
806 2825 878 2870 cum
901 2807 1037 2870 tremore
1061 2808 1094 2868 et
1117 2804 1223 2869 dolore
1253 2807 1313 2868 tra-

168 2912 279 2976 dentis.
314 2913 368 2994 qui
391 2913 569 2977 Antiochus
601 2932 640 2976 ne
673 2912 792 2994 aliquid
824 2911 986 2995 primitiuo
1019 2911 1137 2994 populo
1166 2911 1313 2976 nocuisse

150 3019 335 3095 uideretur,
357 3019 466 3083 statim
482 3018 621 3101 prouidit
640 3018 728 3096 deus,
748 3021 786 3082 ut
803 3038 858 3102 per
876 3038 976 3082 unum
995 3017 1156 3082 homiuem
1170 3017 1313 3094 Esdram,

123 3136 146 3172 2⁵
167 3125 221 3208 qui
239 3126 340 3190 lector
359 3126 470 3190 eodem
489 3128 630 3208 tempore
647 3125 819 3202 dicebatur,
834 3127 902 3188 tota
915 3125 974 3202 ier,
992 3123 1075 3188 sicut
1092 3126 1184 3188 antea
1199 3124 1312 3199 fuerat,

166 3233 204 3295 ad
228 3233 351 3314 apicem
375 3232 556 3296 dictaretur.
582 3232 628 3296 sio
647 3235 798 3315 tyrannus
814 3231 991 3295 Antiochus
1009 3231 1312 3314 fructum-maligni-

165 3339 239 3402 tatis
268 3357 344 3402 suae
373 3339 486 3403 habere
515 3359 577 3404 non
605 3340 720 3420 potuit,
745 3339 820 3402 dum
848 3341 971 3421 praeter
1001 3339 1122 3418 septem
1146 3337 1256 3400 fratres
1282 3340 1314 3401 et

164 3464 262 3507 unum
278 3445 434 3509 seniorem
451 3464 575 3508 carnem
597 3445 725 3508 suillam
744 3443 934 3509 manducare
955 3444 1167 3508 detrectantes
1187 3445 1312 3507 nullum

164 3550 316 3614 iudaeum
341 3550 457 3614 occidit
477 3554 508 3613 et
526 3552 576 3614 lar
594 3551 693 3632 perire
713 3570 775 3614 nou
794 3551 909 3633 potuit.
930 3551 976 3614 sic
996 3554 1027 3614 et
1045 3552 1191 3633 parentes
1211 3551 1310 3614 uestri

123 3669 147 3706 ³0
165 3659 305 3739 tempore
331 3677 388 3721 suo
413 3677 470 3721 nec
494 3658 557 3740 ipsi
581 3658 678 3722 occisi
702 3661 777 3721 sunt
801 3660 832 3722 et
855 3658 928 3721 iibri
950 3657 1032 3740 legis
1057 3657 1231 3721 dominicae
1250 3657 1310 3721 toti
1355 3707 1357 3712 .

164 3764 280 3845 ubique
313 3765 493 3830 recitantur.
520 3765 547 3828 si
570 3767 715 3846 parentes
748 3764 920 3843 uestri,·ut
948 3764 1138 3845 supradixi,
1162 3764 1240 3826 haec
1265 3762 1309 3825 di·

164 3874 279 3948 cerent,
305 3871 375 3953 quis
399 3872 472 3936 illos
496 3872 527 3936 in
552 3891 644 3936 suam
668 3872 922 3936 communionem
954 3890 1015 3935 non
1043 3870 1198 3952 intrepide
1222 3887 1309 3934 acce-

163 3978 273 4058 pisset,
289 3978 354 4054 ubi,
375 3981 413 4040 ut
432 3977 552 4041 dictum
573 3981 630 4053 est,
651 3979 839 4060 peccauerat
858 3976 1041 4054 necessitas,
1057 3994 1118 4040 non
1136 3977 1307 4040 uoluntas?

252 4168 285 4221 16
305 4168 351 4224 cfr.
370 4170 384 4222 I
402 4167 526 4223 Machab.
547 4170 571 4232 l,
591 4170 636 4222 59„
689 4169 724 4222 24
743 4168 789 4222 cfr.
804 4167 818 4221 I
832 4167 907 4220 Esdr.
925 4169 940 4220 7
1000 4167 1304 4221 aecfr.11Macheb.7

200 4292 233 4344 13
252 4293 276 4345 si
296 4293 355 4360 quis
375 4292 389 4346 b
435 4293 480 4348 124
498 4292 617 4346 Hesdam
638 4293 697 4360 (sic)
718 4293 733 4346 b
