3052 5012
418 436 535 492 Liber
561 436 732 506 quintus,
758 453 780 492 o.
799 435 878 489 3-4.
1156 437 1219 501 127

74 651 201 716 persona
224 635 383 716 operantis
407 633 524 696 mutari
546 631 660 714 possit,
684 631 811 696 trinitas
834 630 951 694 mutari
970 649 1031 694 non
1049 631 1163 712 possit.
1189 632 1220 695 et

75 759 141 803 cunr
164 740 205 804 ab
229 739 460 822 accipientibus
483 738 644 822 baptisma
667 737 838 804 desiderari
866 737 989 816 debeat,
1013 756 1072 802 uos
1097 738 1219 802 deside-

74 847 180 911 randos
207 865 277 911 esse
300 845 490 929 proponitis;
516 863 589 909 cunr
614 848 781 928 operantes
804 845 887 909 inter
909 845 988 910 ulios
1012 845 1094 924 sitis,
1115 848 1219 910 osten-

75 953 143 1031 dite,
177 953 303 1036 qualem
338 953 370 1016 in
404 951 516 1018 eodem
548 953 700 1035 mysterio
732 953 840 1017 locurn
872 951 1016 1016 habeatis
1050 954 1083 1016 et
1110 971 1148 1016 an
1182 971 1218 1016 ex

48 1059 178 1125 ceodem
209 1079 338 1144 corpore
367 1079 437 1124 esse
460 1059 604 1143 possitis.
636 1058 839 1142 baptismatis
863 1059 993 1123 unicum
1018 1077 1132 1124 nomen
1158 1061 1216 1136 est,

75 1168 121 1232 oui
148 1168 264 1232 subest
289 1167 451 1251 proprium
480 1186 605 1251 corpus,
635 1166 687 1231 cui
711 1165 834 1250 corpori
858 1169 944 1230 certa
967 1168 1044 1230 sunt
1065 1166 1216 1243 membru,

74 1275 184 1355 quibus
204 1293 262 1339 nec
283 1274 356 1339 addi
374 1294 433 1339 neo
452 1274 568 1339 auferri
586 1273 707 1356 aliquid
724 1275 846 1356 potest;
870 1272 953 1338 inter
976 1292 1057 1355 quae
1076 1273 1217 1338 membra

75 1380 99 1445 si
120 1380 283 1465 eligendus
309 1381 470 1465 operarius
493 1381 665 1460 inuenitur,
690 1383 795 1446 toturn
819 1399 934 1464 eorpus
967 1379 1006 1444 ad
1034 1382 1217 1463 operantem

74 1488 212 1570 pertinet.
247 1488 325 1552 hoec
359 1489 465 1554 omnia
496 1487 592 1552 huius
626 1487 766 1570 corporis
798 1488 940 1551 membra
969 1490 1001 1552 et
1029 1505 1153 1570 semper
1185 1489 1217 1550 et

39 1619 59 1657 ro
74 1594 166 1658 semel
189 1614 300 1660 secum
325 1597 400 1660 sunt
418 1598 451 1659 et
468 1595 586 1659 mutari
604 1613 666 1660 non
684 1596 830 1677 possunt,
851 1594 985 1677 operarii
1003 1613 1079 1658 uero
1099 1593 1216 1659 cotidie
1258 1635 1261 1640 -

73 1703 230 1764 mutantur
263 1704 295 1766 et
326 1702 406 1766 locis
440 1703 473 1766 et
504 1702 702 1785 temporibus
735 1704 768 1766 et
798 1701 953 1785 personis.
999 1718 1102 1781 neque
1131 1699 1214 1764 enirn

72 1827 147 1872 unus
171 1808 266 1874 homo
292 1811 351 1887 est,
376 1809 431 1892 qui
455 1827 580 1892 semper
603 1812 659 1873 aut
681 1808 800 1889 ubique
818 1807 969 1890 baptizat.
989 1807 1021 1870 in
1040 1806 1101 1871 hoc
1121 1826 1214 1890 opere

73 1913 251 1978 iamdudum
284 1915 339 1979 elii
371 1916 509 1994 dierunt,
543 1915 638 1980 modo
671 1915 735 1994 alii,
768 1917 881 1998 postea
913 1913 968 1979 elii
995 1914 1095 1978 futuri
1124 1916 1212 1979 sunt:

73 2013 199 2102 opererii
220 2022 339 2086 mutari
360 2025 505 2105 possunt,
526 2025 722 2088 sacramenta
745 2021 862 2086 mutari
884 2041 946 2086 non
969 2024 1114 2104 possunt.
1139 2039 1213 2084 curn

39 2151 59 2191 c
74 2145 140 2211 ergo
178 2127 315 2193 uideatis
354 2147 476 2207 omnen,
515 2129 569 2212 qui
609 2129 781 2212 baptizant,
825 2129 984 2211 operarios
1027 2147 1107 2205 esse,
1150 2145 1212 2192 non

73 2232 219 2313 dominos,
245 2239 276 2299 et
300 2238 496 2300 sacramente
518 2255 575 2318 per
598 2256 632 2300 se
657 2255 727 2302 esse
751 2239 870 2314 sancte,
894 2255 956 2301 non
978 2255 1035 2319 per
1057 2233 1211 2309 homines,

73 2340 141 2420 quid
164 2344 222 2417 est,
247 2342 333 2423 quod
356 2342 448 2407 uobis
472 2345 598 2406 tanturn
621 2344 812 2408 uindicatis?
837 2342 991 2425 quidest,
1013 2341 1097 2424 quod
1117 2340 1212 2405 deum

73 2465 87 2508 a
128 2447 311 2514 muneribus
359 2449 426 2513 suis
473 2450 638 2516 excludere
684 2449 896 2516 contenditis?
942 2447 1105 2514 concedite
1152 2447 1210 2512 deo

71 2556 231 2634 proestare,
269 2573 350 2637 quae
388 2575 446 2621 suo
483 2559 568 2621 sunt.
615 2576 677 2623 non
711 2557 795 2622 enim
826 2558 934 2640 potest
965 2555 998 2620 id
1025 2574 1142 2620 munus
1171 2555 1209 2618 ab

37 2658 190 2725 chemino
218 2661 294 2739 dari,
324 2661 409 2745 quod
437 2662 581 2728 diuinum
611 2667 670 2728 est.
709 2664 737 2728 si
760 2665 806 2728 sic
829 2663 960 2746 putatis,
984 2663 1210 2746 prophetarum

70 2785 159 2832 noces
192 2771 224 2831 et
256 2768 307 2833 dei
338 2769 496 2852 promissa
528 2770 647 2835 inanire
676 2771 878 2849 contenditis,
908 2770 1024 2852 quibus
1047 2769 1208 2853 probetur,

71 2873 138 2953 quia
161 2874 236 2941 deus
260 2877 359 2954 lauet,
383 2895 445 2942 non
469 2878 574 2944 homo.
609 2876 699 2942 adest
722 2879 830 2942 contra
849 2896 908 2943 uos
923 2876 1028 2941 Dauid
1045 2877 1208 2960 propheta,

71 2979 118 3059 qni
146 2981 247 3047 sitin
275 2984 399 3065 psalmo
428 2985 468 3048 L:
497 2985 648 3049 leuabis
676 3004 732 3050 me
762 2987 798 3049 et
827 3004 940 3068 super
962 2985 1086 3050 niuem
1112 2985 1208 3050 deal-

152 3197 186 3251 23
203 3200 247 3253 ps.
268 3200 349 3267 soe
392 3193 394 3198 ’

101 3321 234 3377 ltrinitcs
249 3326 383 3409 mutarier
396 3326 455 3392 (sic)
470 3327 499 3382 R
553 3327 623 3381 2ab
637 3344 687 3382 orn.
702 3327 774 3383 RBo
827 3327 959 3382 deodem
978 3327 1107 3410 mist—erio}
1123 3329 1205 3382 sterio

69 3425 127 3490 (oio)
149 3429 175 3482 G
262 3432 278 3484 6
298 3431 374 3486 cuins
393 3434 510 3504 corporis
532 3433 558 3489 G
648 3437 713 3489 sunt
735 3434 856 3490 membra
878 3452 930 3491 om.
953 3434 1025 3506 G(r'.
1044 3451 1095 3505 req.
1115 3435 1204 3489 adeor.

68 3556 97 3593 m.
110 3546 139 3608 2)
193 3545 330 3616 iqnibus]
345 3546 431 3602 euiG
503 3549 609 3604 auferre
622 3551 650 3604 B
722 3517 824 3622 quiite
836 3568 857 3606 s.
874 3551 891 3605 l.
905 3569 939 3604 m.
955 3555 985 3620 2)
1002 3553 1030 3616 et
1042 3549 1163 3603 membra
1176 3549 1205 3604 R

69 3627 83 3679 8
96 3630 126 3699 si]
140 3633 202 3700 quir
216 3639 244 3688 et
258 3652 283 3699 o,
299 3636 322 3688 si
338 3640 366 3690 et
380 3638 396 3692 b
462 3639 478 3692 9
493 3639 631 3708 pertineat
642 3639 700 3695 RB
772 3641 890 3711 eorporis
909 3640 1029 3695 membre
1047 3640 1128 3693 huius
1143 3639 1203 3706 (ad-

69 3717 120 3772 dito
134 3725 361 3794 transposeiprr.)
377 3725 405 3777 B
496 3727 529 3781 10
545 3730 574 3782 et
586 3744 676 3782 secum
692 3728 718 3782 G
810 3730 843 3782 12
857 3730 980 3800 baptizat
997 3730 1026 3782 in
1043 3729 1095 3784 hoc
1114 3746 1202 3799 opere.

69 3805 149 3862 Jamd.
168 3811 198 3864 ob
276 3814 311 3866 14
330 3815 446 3883 operarii
464 3817 563 3870 mntnri
580 3834 636 3901 Q
657 3818 716 3887 (eie)
737 3823 852 3890 possunt
869 3820 898 3875 R
977 3820 1010 3873 16
1030 3836 1088 3874 esse
1107 3835 1202 3889 perse

68 3913 168 3981 (addito
178 3921 310 3988 conopes.
320 3921 399 3991 cipri.)
410 3921 438 3975 B
530 3926 562 3980 17
569 3925 647 3988 pind.
660 3943 702 3996 qn.
714 3930 756 3981 est
767 3929 798 3993 (e.
810 3927 827 3982 1.
837 3926 1016 3981 minutissime
1024 3943 1075 3981 scr.
1086 3943 1121 3982 ru.
1132 3931 1162 3996 2)
1177 3928 1203 3982 G

69 4005 133 4070 quod
156 4008 225 4076 apud
249 4027 297 4063 uos
321 4010 393 4064 solos
416 4028 514 4067 munus
538 4014 688 4085 principale
712 4032 770 4070 esse
789 4015 880 4070 dicitis
900 4015 965 4086 quid
986 4020 1028 4070 est
1047 4018 1119 4086 quod
1138 4019 1201 4072 dnm

70 4092 122 4162 (sic)
140 4111 156 4147 a
174 4099 327 4153 muneribus
345 4116 384 4168 sq.
407 4100 450 4154 Gb
543 4102 635 4173 deum]
654 4104 793 4159 dominnm
811 4105 868 4160 RB
959 4107 992 4160 19
1012 4107 1084 4160 enirn
1103 4123 1153 4161 om.
1173 4108 1201 4160 B

68 4177 152 4236 idom.
165 4184 197 4237 ob
249 4188 283 4242 20
297 4191 402 4259 putatis
422 4194 449 4245 et
470 4192 514 4246 do
587 4193 718 4264 profetnri
730 4196 767 4260 R,
786 4196 942 4267 prophetari
955 4197 983 4250 B
1036 4197 1069 4250 21
1086 4198 1200 4266 inanire]

69 4282 167 4370 manere
185 4273 219 4416 ἒ,
239 4279 273 4343 (o.
293 4278 309 4331 1.
329 4295 363 4335 m.
382 4283 410 4349 1)
429 4280 457 4334 B
534 4283 570 4336 23
588 4284 692 4353 psalmo
711 4284 841 4339 XLVIIII
858 4285 921 4350 RB,
941 4287 1045 4356 psalmo
1066 4287 1199 4357 quinqua·

70 4373 163 4423 gesimo
