3064 5010
237 498 309 551 VIII.
329 500 454 570 Epistula
472 502 602 555 Petronii.
623 500 708 554 VIIII.
729 501 752 554 a
770 501 802 554 X.
822 501 962 569 Epistulae
982 500 1164 556 Constantini.
1217 504 1279 566 213

132 699 329 768 fraternitatis,
356 700 437 757 cuius
461 701 583 774 gratiam
608 701 679 758 deus
699 716 828 758 summus
847 700 1018 758 famulorum
1039 718 1156 760 suorum
1178 705 1279 776 pecto-

131 789 208 847 ribus
240 789 399 860 iumiscuit,
433 790 564 847 stabilita
592 807 644 863 per
673 806 787 848 omnem
816 789 1000 848 concordiam
1029 793 1188 850 teneretur.
1228 792 1279 850 sed

131 878 195 951 quia
218 879 276 937 uim
299 878 379 937 illam
403 874 522 938 sceleris
546 878 636 936 infusi
658 895 815 952 pauoomm
840 879 911 936 licet
933 879 1068 937 sensibus
1086 880 1279 953 peruicaciter

130 968 327 1026 inhaerentem
351 968 523 1026 intentionis
547 969 664 1026 nostrae
687 967 761 1026 ratio
786 984 844 1025 non
873 967 969 1042 potuit
997 969 1131 1026 edomare
1159 962 1277 1028 fauente

102 1057 222 1116 aadhuc
255 1058 312 1116 sibi
344 1058 411 1116 huic
444 1057 592 1131 nequitiae
620 1057 793 1130 patrocinio,
823 1061 855 1114 ut
883 1057 1047 1130 extorqueri
1075 1057 1131 1116 sibi
1160 1059 1276 1117 omnino

128 1163 186 1204 non
209 1147 348 1217 sinerent,
377 1148 408 1204 in
437 1164 493 1221 quo
523 1163 554 1204 se
584 1146 743 1220 deliquisse
771 1146 941 1219 gauderent,
972 1147 1162 1221 spectandum
1190 1140 1276 1206 nobis

128 1238 180 1305 est,
211 1238 276 1294 dum
307 1238 400 1295 toturn
428 1237 485 1296 hoc
512 1254 565 1310 per
592 1253 701 1309 paucos
730 1234 816 1306 sedit,
847 1235 876 1292 in
904 1237 1042 1310 populum
1068 1237 1284 1342 omnipotentis!

128 1325 171 1382 dei
194 1325 396 1385 misericordia
418 1327 578 1400 mitigetur.
608 1325 676 1382 inde
701 1326 776 1383 enim
800 1325 958 1382 remedium
983 1343 1101 1398 sperare
1126 1327 1274 1396 debemus

128 1431 189 1474 cum
215 1416 313 1474 omnia
334 1416 413 1474 bona
440 1418 510 1474 uota
538 1417 567 1471 et
594 1415 673 1472 facta
700 1414 875 1472 referuntur.
913 1431 1013 1472 uerum
1044 1416 1111 1472 dum
1140 1416 1274 1474 caelestis

89 1519 110 1556 10
127 1504 268 1562 medicine
296 1505 447 1578 procedat,
475 1506 618 1563 hactenus
646 1506 715 1562 sunt
743 1503 867 1562 consilia
899 1507 1000 1562 nostra
1027 1505 1214 1573 moderanda,
1244 1509 1276 1562 ut

127 1593 293 1665 patientiam
317 1594 500 1666 percolamus
530 1595 566 1662 et,
593 1593 731 1666 quicquid
754 1592 911 1651 Insolentia
934 1593 1049 1652 illorum
1072 1610 1125 1666 pro
1151 1610 1273 1652 consue·

125 1682 224 1740 tudine
253 1683 494 1757 intemperantiae
523 1699 592 1740 suae
621 1684 767 1755 temptant
794 1687 845 1740 aut
871 1682 991 1751 faciunt,
1017 1683 1047 1739 id
1072 1685 1162 1740 totum
1192 1686 1272 1740 tran-

127 1771 278 1844 quillitatis
302 1773 409 1830 uirtute
432 1773 598 1831 toleremus.
623 1771 696 1828 nihil
720 1790 753 1829 ex
778 1771 926 1843 reciproco
951 1775 1108 1846 reponatur
1135 1771 1271 1841 iniuriae;

125 1861 282 1919 uindictam
302 1862 387 1931 enim,
409 1879 493 1935 quam
513 1862 567 1922 deo
587 1878 704 1919 seruarc
724 1861 871 1930 debemus,
891 1860 1057 1934 insipientis
1077 1863 1121 1918 est
1139 1861 1272 1920 manibus

87 1963 109 2001 1⁵
126 1968 273 2024 usurpare,
299 1951 421 2010 manime
446 1969 509 2009 oum
535 1951 641 2008 debeat
662 1950 735 2008 fides
764 1954 864 2008 nostra
893 1950 1046 2020 confidere,
1073 1950 1210 2024 quicquid
1234 1952 1270 2009 ab

126 2039 291 2098 huiusmodi
323 2039 471 2098 hominum
504 2040 601 2098 furore
633 2039 769 2112 patIetur,
803 2039 932 2114 martyrii
959 2039 1055 2112 gratia
1081 2040 1159 2112 apud
1187 2041 1271 2098 deum

127 2147 187 2186 esse
216 2129 381 2187 ualiturum.
422 2129 492 2202 quid
521 2132 565 2186 est
593 2129 667 2186 enim
697 2128 777 2186 aliud
804 2129 834 2186 in
861 2129 916 2188 hoo
949 2129 1064 2186 saeculo
1092 2129 1122 2186 in
1151 2130 1320 2186 nomine³⁵h

126 2218 170 2274 dei
199 2218 314 2276 ulncere
344 2236 429 2292 qnam
457 2217 622 2276 inconditos
649 2218 797 2276 hominum
825 2219 949 2292 impetus
977 2217 1091 2291 quietae
1118 2218 1193 2292 legis
1215 2235 1269 2292 po-

124 2307 222 2380 pulum
245 2307 291 2365 lac
326 2311 424 2366 sentes
444 2307 591 2366 constanti
608 2310 726 2381 pectore
745 2307 907 2366 sustinere?
932 2308 1009 2381 quod
1028 2308 1053 2365 si
1072 2307 1271 2366 obseruauerit

82 2408 106 2446 20
123 2399 220 2454 uestra
252 2396 415 2467 siccaniae,
450 2397 507 2456 cito
540 2397 678 2454 uidebitis
710 2412 762 2469 per
790 2395 912 2469 gratiam
941 2414 1068 2454 summae
1097 2397 1267 2467 diuInitatis,

122 2489 153 2542 ut
175 2485 432 2558 languescentibus
457 2503 554 2544 eorum
578 2484 720 2543 institutis
743 2484 791 2543 uel
814 2484 952 2555 moribus,
974 2485 1022 2559 qui
1042 2503 1072 2542 se
1091 2486 1268 2544 miserrimae

123 2575 316 2634 contentionis
353 2575 519 2634 uexillarios
556 2575 711 2649 praebent,
747 2574 842 2632 sciant
874 2591 973 2634 omnes
1005 2591 1062 2632 non
1098 2575 1203 2632 debere
1237 2593 1267 2632 se

120 2641 274 2736 pantorum
301 2665 488 2738 persuasione
511 2667 665 2737 pereuntes
689 2664 863 2736 sempiterno
887 2664 944 2723 leto
969 2663 1046 2732 dare,
1073 2681 1129 2736 quo
1153 2664 1269 2738 possint

119 2752 314 2825 paenitentiae
342 2754 436 2827 gratia
464 2771 579 2828 semper
608 2753 684 2811 uitae
713 2756 847 2812 aeternae
876 2753 1013 2829 cqrrectis
1037 2755 1183 2812 erroribus
1207 2754 1267 2811 suis

80 2855 102 2892 25
119 2841 268 2915 integrari.
304 2844 399 2901 ualete
427 2846 495 2902 uoto
527 2843 671 2901 communi
698 2860 750 2916 per
778 2842 895 2900 saecula
922 2843 1039 2900 iubente
1069 2843 1133 2913 deo,
1161 2842 1266 2901 fratres

119 2931 273 2988 carissimi!

674 3127 709 3184 X.

162 3247 371 3307 Constantinus
400 3251 499 3309 Uictor
526 3252 667 3309 Maximus
696 3267 730 3307 ac
758 3250 951 3323 triumphator
979 3265 1092 3322 semper
1114 3250 1263 3322 Angustus

117 3338 228 3406 Zeunio,
255 3339 377 3408 Gallico,
402 3339 561 3410 Uictorino,
591 3339 752 3413 sperantio,
781 3338 929 3407 Ianuario,
958 3337 1057 3407 Felici,
1088 3338 1260 3406 Crescentio,

76 3443 99 3480 ao
116 3428 231 3488 Pantio.
258 3428 377 3499 Uictori,
403 3429 560 3498 Babbutio,
584 3430 699 3486 Donato
724 3427 878 3502 episcopis.

160 3517 230 3574 Cum
260 3517 364 3575 summi
392 3518 447 3588 dei,
483 3519 530 3592 qni
558 3518 643 3576 huius
671 3517 771 3574 mundi
800 3518 899 3574 auctor
928 3519 956 3573 et
983 3518 1066 3590 pater
1098 3519 1150 3585 est,
1181 3517 1262 3573 cuius

113 3605 255 3664 beneficio
278 3607 368 3664 uitam
393 3607 546 3682 carpimus
568 3607 678 3664 caelum
702 3605 885 3680 suspicimus,
909 3605 1036 3663 humana
1059 3605 1144 3662 etiam
1168 3605 1261 3662 socie-

147 3844 611 3915 1pectoribus]spectatoribus0
673 3844 918 3914 6delinquisseC
979 3844 1066 3911 9pro
1087 3861 1144 3896 oum
1165 3847 1260 3899 malian

113 3933 165 3985 quo
248 3916 278 3968 11
305 3917 439 3985 patientia
466 3917 489 3969 U
565 3917 596 3969 12
620 3919 713 3968 tentat
737 3920 785 3969 aut
807 3916 873 3968 facit
896 3915 955 3969 edd.
1036 3917 1069 3968 14
1091 3915 1213 3970 uindicta
1240 3917 1263 3970 0

114 3989 146 4040 17
165 3986 329 4111 112Ιὲ1120
381 3989 413 4041 21
435 3987 624 4041 miserrimeO
676 3988 711 4040 22
731 3986 918 4042 uixillariosC
971 3987 1262 4056 23pe1suasione1nG

111 4060 184 4112 laeto
1245 4099 1248 4106 .

145 4131 169 4184 X
190 4129 225 4182 27
239 4129 399 4198 Exemplum
415 4130 546 4198 epistolae
562 4131 728 4183 constantini
744 4147 801 4182 curn
816 4129 916 4198 scripta
931 4130 1116 4198 episcoporum
1132 4132 1260 4196 (fortasse

112 4219 180 4271 quae
195 4201 299 4270 scripta
313 4203 356 4254 est
369 4200 404 4254 ad
419 4201 569 4270 episcopos)
589 4201 759 4254 numidarum
780 4201 825 4254 ubi
845 4201 973 4253 haeretici
992 4201 1114 4254 tulerunt
1131 4201 1258 4255 basilicas

111 4273 288 4328 acatholicis
317 4275 345 4325 et
372 4274 415 4340 (ut
441 4273 513 4339 edd.)
543 4273 577 4325 ad
606 4273 686 4325 aliam
714 4277 753 4340 (et
780 4273 861 4325 aliam
892 4271 921 4335 C,
951 4277 1015 4326 ante
1041 4273 1122 4325 aliam
1151 4291 1164 4325 c
1195 4274 1257 4340 det.)

110 4345 251 4399 basilicam
287 4343 440 4397 faciendam
473 4344 526 4397 sibi
553 4345 640 4397 locum
666 4344 709 4396 uel
734 4345 841 4397 domurn
867 4345 905 4396 eis
934 4344 1000 4396 dant
1029 4344 1105 4409 (dent
1132 4344 1205 4410 edu.)
1237 4347 1260 4400 O

104 4417 156 4484 fol.
178 4417 226 4470 35l
