3064 5010
272 444 294 497 Ι.
315 444 399 498 Gesta
419 445 491 515 apud
511 444 695 514 Zenopbilum.
716 445 752 498 Π.
772 445 842 499 Aeta
861 448 1031 516 purgationis
1051 448 1158 502 Felicis.
1227 453 1288 516 197

144 647 174 702 ut
196 644 278 702 fieret
300 646 471 719 presbyter?
492 644 714 702 Crescentianus
738 645 823 702 dixit:
848 645 910 703 uidi
934 646 1037 706 allatos
1062 648 1202 721 cophinos
1226 667 1291 708 eum

142 733 275 807 pecunia.
313 733 488 808 Zenophilus
517 751 545 791 u.
572 750 596 792 o.
622 733 782 792 consularis
807 735 1010 794 Crescentiano
1040 735 1124 795 dixit:
1155 739 1201 796 eui
1229 739 1291 796 dati

143 824 209 880 sunt
238 821 376 896 cophini?
409 822 631 881 Crescentianus
660 822 745 880 dixit:
781 823 914 897 episeopo
948 825 1075 884 Siluano.
1114 828 1290 901 zenophilus

142 931 167 969 u.
203 929 227 969 o.
264 913 424 970 consularis
458 912 544 970 dixit:
583 911 700 970 Siluano
734 912 794 970 dati
828 915 914 971 sunt?
949 914 1169 974 Crescentianus
1203 917 1288 975 dixit:

112 1011 122 1044 ι’·
141 1001 268 1059 Siluano.
294 1001 468 1075 Zenophilns
491 1020 519 1058 u.
541 1017 565 1059 e.
591 1001 750 1060 consularis
775 1001 860 1060 dixit:
880 1003 988 1076 populo
1012 1003 1086 1061 nihil
1109 1005 1207 1062 datum
1227 1010 1289 1065 est?

141 1090 303 1163 respondit:
338 1091 426 1161 nihil;
454 1107 574 1149 neeesse
603 1092 655 1160 θεῖ,
685 1093 718 1148 ut
746 1092 775 1148 et
801 1108 855 1149 nos
884 1092 996 1165 aliquid
1028 1093 1234 1167 acciperemus,
1264 1096 1289 1154 si

141 1179 391 1251 distribuerentur,
417 1180 492 1238 sieut
515 1179 599 1238 solet.
624 1180 800 1253 Zenophilus
824 1198 852 1238 u.
873 1199 898 1239 θ.
924 1182 1083 1240 consularis
1105 1184 1288 1243 Nundinario

140 1269 224 1326 dixit:
250 1268 321 1342 quid
344 1269 423 1327 aliud
448 1269 482 1326 de
503 1269 707 1327 Crescentiano
731 1271 817 1343 putas
842 1287 905 1328 esse
925 1270 1148 1345 requirendum?
1171 1272 1287 1330 Nundi-

139 1359 237 1415 narius
262 1357 347 1415 dixit:
372 1359 458 1432 ipsud
478 1360 532 1415 θεῖ.
557 1358 732 1430 Zenophilus
755 1376 784 1417 u.
806 1376 830 1417 θ.
856 1360 1016 1418 consularis
1041 1360 1126 1419 dixit:
1153 1362 1287 1435 quoniam

94 1454 119 1491 1⁰
140 1448 172 1506 de
202 1447 336 1505 omnibus
366 1446 587 1506 Crescentianus
620 1447 815 1505 subdiaconus
848 1448 1017 1521 simpliciter
1050 1451 1199 1508 eonfessus
1234 1454 1286 1522 θεῖ,

139 1536 354 1596 submoneatur.

180 1626 254 1683 Item
278 1625 398 1684 indueto
423 1628 451 1684 θῖ
474 1624 611 1698 adplicito
636 1625 771 1684 ianuario
801 1626 978 1685 subdiacono
1002 1625 1176 1700 Zenophilus
1205 1644 1233 1685 u.
1260 1643 1284 1684 e.

138 1714 297 1773 consularis
322 1714 407 1773 dixit:
434 1715 498 1788 quis
521 1713 655 1772 notaris?
679 1716 830 1788 respondit
853 1748 865 1776 e
886 1748 932 1779 a*

689 1909 728 1967 Π.

92 2051 113 2089 ιε
178 2033 269 2089 Aeta
292 2032 519 2105 purgationis
542 2031 673 2089 Felieis
698 2031 861 2105 episcopi
883 2031 1142 2089 Autumnitani.
1292 2055 1337 2094 aaa

178 2121 240 2182 ain
263 2120 420 2194 municipio
440 2121 717 2179 Autumnitanorum
737 2120 886 2178 Gallienus
911 2120 1013 2178 duouir
1037 2120 1122 2178 dixit:
1148 2121 1283 2193 quoniam

131 2227 272 2282 praesens
296 2228 337 2280 θε,
363 2210 535 2280 Caeciliano,
561 2209 629 2267 audi
651 2210 764 2267 litteras
788 2209 897 2268 domini
921 2210 977 2268 moi
1000 2210 1065 2267 Aeli
1088 2209 1205 2267 Paulini
1227 2211 1283 2269 uiri

131 2299 303 2372 spectabilis
328 2300 441 2373 agentis
465 2295 846 2372 uiuariam'praeleeturam
868 2298 938 2372 quid
961 2299 1060 2357 iubere
1084 2299 1122 2356 sit
1145 2299 1282 2373 dignatus

131 2390 292 2446 seeundum
316 2389 468 2462 epistolam
493 2388 530 2446 ad
545 2406 606 2460 nos
631 2389 739 2457 datam,
765 2405 838 2460 quae
867 2389 1015 2446 declarare
1038 2390 1067 2446 ῖθ
1092 2388 1230 2462 conpellit
1254 2392 1283 2448 et

88 2497 112 2533 ao
130 2478 268 2548 scribam,
302 2495 386 2551 quem
417 2476 547 2536 habuisti
579 2479 649 2534 tuno
681 2476 819 2550 temporis
853 2477 1114 2535 administrationis
1147 2480 1224 2548 tuae,
1255 2482 1283 2536 et

129 2566 316 2626 tabularium.
342 2567 392 2624 sed
417 2566 554 2640 quoniam
577 2566 738 2624 tabularius
762 2566 824 2624 eius
847 2567 987 2640 temporis
1010 2566 1072 2624 uita
1089 2566 1207 2624 functus
1227 2569 1280 2637 θεῖ,

130 2659 160 2714 θῖ
187 2674 289 2715 omnes
318 2657 399 2714 aetus
428 2654 687 2713 administrationis
715 2658 782 2713 tuae
810 2656 969 2713 seeundum
1002 2655 1088 2712 fidem
1120 2655 1281 2715 litterarum

128 2745 259 2804 eiusdem
284 2745 340 2802 moi
364 2741 472 2805 domini
491 2745 586 2802 teeum
605 2743 732 2816 perferre
752 2744 872 2803 debebis
892 2747 921 2802 et
939 2746 976 2802 ad
996 2743 1139 2802 ooloniam
1159 2745 1280 2803 Cartha-

126 2835 291 2909 giniensem
330 2851 394 2892 oum
431 2834 527 2892 sariba
559 2836 607 2890 tuo
640 2833 785 2906 proficisci
817 2851 935 2892 neeesse
969 2836 1023 2892 est.
1066 2851 1203 2906 praesens
1237 2838 1282 2893 θεῖ

85 2942 108 2980 as
127 2927 258 2992 curator,
291 2925 345 2981 sub
378 2922 459 2981 euius
490 2922 685 2996 praesentiam
717 2939 771 2981 uos
802 2923 1001 2996 conpellimus.
1054 2921 1123 2996 quid
1156 2923 1193 2980 ad
1224 2924 1281 2983 hoe

125 3015 307 3086 respondes?
342 3012 520 3071 Caeeihanus
548 3012 634 3069 dixit:
662 3029 730 3070 mox
757 3013 795 3069 ad
822 3030 867 3070 me
896 3012 1048 3086 epistolam
1076 3012 1141 3069 Aeli
1164 3012 1280 3071 Paulini

124 3103 181 3160 uiri
206 3100 377 3176 spectabilis
401 3101 514 3176 agentis
537 3100 677 3159 uiuariam
700 3102 911 3174 praefecturam
931 3100 1103 3175 pertulistis
1124 3101 1222 3158 statim
1242 3103 1279 3160 ad

124 3191 254 3249 scribam
281 3190 416 3249 Mieoium
448 3189 522 3260 misi,
552 3189 673 3260 ueniret,
703 3193 736 3247 ut
763 3193 828 3247 aeta
855 3190 948 3263 ipsius
976 3189 1114 3264 temporis
1147 3191 1279 3248 oonteeta

123 3280 197 3338 mihi
223 3279 387 3348 obtulisset,
413 3283 442 3338 et
464 3297 555 3351 nsque
579 3279 673 3337 adhue
692 3278 827 3352 inquirit3
854 3283 882 3338 θῖ
901 3279 1037 3353 quoniam
1056 3295 1116 3337 non
1134 3279 1278 3337 modieum

215 3465 245 3518 ΙΙ
258 3467 304 3518 cfr.
318 3465 411 3520 Baluz.
430 3464 448 3517 l.
463 3483 484 3518 e.
505 3483 531 3536 p.
544 3467 591 3530 81;
606 3466 718 3519 Voelter
731 3466 749 3518 1.
771 3483 791 3519 e.
807 3482 838 3533 p.
856 3465 885 3517 11
902 3481 944 3532 sq3
959 3465 1081 3519 Deutsoh
1095 3466 1112 3518 l.
1129 3482 1150 3518 θ.
1165 3482 1190 3534 p.
1206 3465 1221 3517 9
1237 3482 1276 3534 sq.

111 3538 156 3591 ⁸16
172 3536 222 3590 cfr.
245 3535 338 3606 Optat.
359 3538 383 3600 1,
403 3537 450 3601 27;
469 3538 539 3607 Aug.
560 3554 581 3593 c.
600 3536 688 3592 Crese.
708 3538 733 3600 3,
754 3539 799 3599 703
821 3553 861 3605 ep.
881 3537 924 3600 88,
943 3538 961 3588 4

158 3626 171 3678 1
196 3625 220 3678 da
241 3625 257 3677 3
277 3625 376 3678 cofinos
397 3624 464 3692 (ile
498 3625 694 3696 8requi'renda
710 3629 738 3691 (u
758 3641 825 3679 eros.
845 3625 1005 3690 uidetarlO
1047 3626 1079 3678 10
1099 3624 1278 3694 simplaioiter

121 3696 259 3762 (alterum
275 3696 286 3748 l
305 3700 389 3764 eras.)
412 3694 436 3749 0
489 3698 521 3750 12
540 3697 696 3751 diaconoD
752 3697 784 3749 13
803 3697 885 3750 uerbo
903 3696 1043 3766 respondit
1059 3703 1136 3765 pasta
1156 3697 1276 3763 abrupta

119 3773 186 3821 auat
206 3768 239 3821 io
261 3766 285 3821 0
295 3768 349 3835 fol.
370 3768 423 3822 24¹³

156 3840 193 3892 15
228 3838 612 3894 ACTA—AVTVMNITANI
642 3855 746 3893 musmo
776 3840 808 3892 in
834 3838 903 3906 folio
932 3841 985 3891 25²
1006 3839 1072 3892 add.
1106 3855 1140 3892 m.
1171 3854 1222 3892 reo.
1255 3837 1278 3891 0

118 3913 194 3980 aeta]
215 3913 296 3979 gesta
314 3910 374 3964 edd.
395 3911 455 3976 (sed
473 3913 521 3980 osu.
540 3911 699 3978 sudserept.)
790 3910 974 3978 Aptungitani
992 3912 1019 3964 B
1113 3911 1144 3963 16
1165 3914 1229 3962 ante
1247 3909 1275 3962 in

119 3982 244 4036 αεῖθνῖεο.
263 3998 298 4034 m.
322 3987 380 4034 aot.
404 3982 427 4036 0
497 3982 612 4036 duouiru
634 3982 663 4046 0,
684 3983 737 4049 (sie
758 3982 881 4049 abique),
904 3981 1031 4035 duumuir
1054 3981 1113 4035 edd.
1141 3980 1202 4048 (sed
1224 3981 1274 4047 cfr.

120 4069 251 4138 Georpes,
270 4069 319 4122 lat.
338 4069 448 4137 Leait.)
540 4072 572 4124 17
591 4071 653 4124 Aeli
671 4071 716 4138 P.]
735 4069 828 4123 Uerini
846 4069 915 4124 aeui.
935 4070 963 4122 B
1039 4071 1091 4122 uiri
1110 4072 1162 4138 sp]
1182 4086 1231 4139 usp
1254 4069 1277 4122 0

118 4143 172 4207 (sie
190 4143 310 4209 semper)
368 4141 401 4193 18
415 4141 438 4194 da
452 4141 486 4194 27
502 4159 585 4210 agens
603 4143 626 4196 U
679 4142 714 4194 24
732 4158 792 4195 curn
812 4143 912 4210 scripta
931 4145 980 4196 tua
996 4141 1019 4195 0
1036 4145 1118 4207 (corr.
1132 4142 1273 4207 Messoa.)

116 4229 166 4266 nee
192 4228 255 4266 θεεθ
280 4211 336 4265 §G
424 4213 459 4265 26
482 4213 670 4281 respondimus
695 4217 765 4277 (mus
789 4213 956 4282 perobscur.)
984 4213 1007 4266 0
1096 4212 1225 4280 epistolae
1254 4211 1278 4265 0

116 4284 151 4338 28
180 4283 247 4337 misi
266 4282 342 4336 uenit
360 4285 392 4337 ut
414 4284 443 4346 0,
462 4284 525 4337 misi
548 4288 579 4338 ut
602 4286 708 4338 ueniret
732 4288 759 4337 θῖ
778 4284 805 4336 Β
824 4285 853 4338 D
872 4285 904 4351 (l.
924 4301 945 4338 e.
962 4302 991 4352 p.
1012 4285 1049 4350 9),
1077 4284 1137 4336 misi
1169 4285 1274 4336 ueniret

116 4363 147 4410 ut
165 4356 269 4424 europei
325 4355 358 4406 29
378 4355 498 4424 inquiret
519 4353 543 4408 0
612 4359 639 4408 et
658 4372 708 4410 om.
729 4356 789 4410 edd.
