<?xml version="1.0" encoding="UTF-8"?>
<!DOCTYPE html PUBLIC "-//W3C//DTD XHTML 1.0 Transitional//EN"
    "http://www.w3.org/TR/xhtml1/DTD/xhtml1-transitional.dtd">
<html xmlns="http://www.w3.org/1999/xhtml" xml:lang="en" lang="en">
 <head>
  <title>
</title>
<meta http-equiv="Content-Type" content="text/html;charset=utf-8" />
  <meta name='ocr-system' content='tesseract 3.04.00' />
  <meta name='ocr-capabilities' content='ocr_page ocr_carea ocr_par ocr_line ocrx_word'/>
</head>
<body>
  <div class='ocr_page' id='page_1' title='image "./corpusscriptoru11wissgoog_0215.png"; bbox 0 0 3064 5010; ppageno 0'>
   <div class='ocr_carea' id='block_1_1' title="bbox 490 455 1283 524">
    <p class='ocr_par' dir='ltr' id='par_1_1' title="bbox 490 455 1283 524">
     <span class='ocr_line' id='line_1_1' title="bbox 490 455 1283 524; baseline 0.011 -17"><span class='ocrx_word' id='word_1_1' title='bbox 490 455 607 508; x_wconf 88' lang='lat' dir='ltr'>Liber</span> <span class='ocrx_word' id='word_1_2' title='bbox 635 456 838 524; x_wconf 88' lang='lat' dir='ltr'>septimus,</span> <span class='ocrx_word' id='word_1_3' title='bbox 868 458 938 509; x_wconf 85' lang='grc'>01.</span> <span class='ocrx_word' id='word_1_4' title='bbox 1223 461 1283 522; x_wconf 85' lang='grc'>161</span> 
     </span>
    </p>
   </div>
   <div class='ocr_carea' id='block_1_2' title="bbox 140 601 1287 734">
    <p class='ocr_par' dir='ltr' id='par_1_2' title="bbox 140 601 1287 734">
     <span class='ocr_line' id='line_1_2' title="bbox 140 601 1287 734; baseline 0.003 -22"><span class='ocrx_word' id='word_1_5' title='bbox 140 670 156 712; x_wconf 88' lang='lat' dir='ltr'>a</span> <span class='ocrx_word' id='word_1_6' title='bbox 183 649 242 714; x_wconf 91' lang='lat' dir='ltr'>deo</span> <span class='ocrx_word' id='word_1_7' title='bbox 265 601 407 732; x_wconf 88' lang='lat' dir='ltr'>profecta</span> <span class='ocrx_word' id='word_1_8' title='bbox 431 653 489 727; x_wconf 90' lang='lat' dir='ltr'>est,</span> <span class='ocrx_word' id='word_1_9' title='bbox 514 653 552 713; x_wconf 93' lang='lat' dir='ltr'>ut</span> <span class='ocrx_word' id='word_1_10' title='bbox 574 669 655 732; x_wconf 89' lang='lat' dir='ltr'>aqua</span> <span class='ocrx_word' id='word_1_11' title='bbox 679 649 716 713; x_wconf 91' lang='lat' dir='ltr'>de</span> <span class='ocrx_word' id='word_1_12' title='bbox 735 651 821 714; x_wconf 86' lang='lat' dir='ltr'>fonte</span> <span class='ocrx_word' id='word_1_13' title='bbox 842 649 992 714; x_wconf 88' lang='lat' dir='ltr'>dilabitur</span> <span class='ocrx_word' id='word_1_14' title='bbox 1011 655 1067 714; x_wconf 88' lang='lat' dir='ltr'>aut</span> <span class='ocrx_word' id='word_1_15' title='bbox 1083 670 1187 734; x_wconf 88' lang='lat' dir='ltr'>poma,</span> <span class='ocrx_word' id='word_1_16' title='bbox 1208 671 1287 732; x_wconf 88' lang='lat' dir='ltr'>quae</span> 
     </span>
    </p>
   </div>
   <div class='ocr_carea' id='block_1_3' title="bbox 140 756 1386 841">
    <p class='ocr_par' dir='ltr' id='par_1_3' title="bbox 140 756 1386 841">
     <span class='ocr_line' id='line_1_3' title="bbox 140 756 1386 841; baseline 0.002 -21"><span class='ocrx_word' id='word_1_17' title='bbox 140 757 178 820; x_wconf 94' lang='lat' dir='ltr'>de</span> <span class='ocrx_word' id='word_1_18' title='bbox 207 757 316 822; x_wconf 88' lang='lat' dir='ltr'>arbore</span> <span class='ocrx_word' id='word_1_19' title='bbox 346 759 435 820; x_wconf 88' lang='lat' dir='ltr'>salua</span> <span class='ocrx_word' id='word_1_20' title='bbox 461 756 566 821; x_wconf 82' lang='lat' dir='ltr'>radice</span> <span class='ocrx_word' id='word_1_21' title='bbox 595 759 773 839; x_wconf 90' lang='lat' dir='ltr'>carpuntur.</span> <span class='ocrx_word' id='word_1_22' title='bbox 803 776 864 821; x_wconf 92' lang='lat' dir='ltr'>non</span> <span class='ocrx_word' id='word_1_23' title='bbox 892 757 983 839; x_wconf 90' lang='lat' dir='ltr'>perit,</span> <span class='ocrx_word' id='word_1_24' title='bbox 1008 757 1093 839; x_wconf 87' lang='lat' dir='ltr'>quod</span> <span class='ocrx_word' id='word_1_25' title='bbox 1122 760 1286 841; x_wconf 86' lang='lat' dir='ltr'>erogatum</span> <span class='ocrx_word' id='word_1_26' title='bbox 1384 762 1386 767; x_wconf 81' lang='grc'>’</span> 
     </span>
    </p>
   </div>
   <div class='ocr_carea' id='block_1_4' title="bbox 111 849 1288 1482">
    <p class='ocr_par' dir='ltr' id='par_1_4' title="bbox 111 849 1288 1482">
     <span class='ocr_line' id='line_1_4' title="bbox 140 849 1287 947; baseline 0.001 -20"><span class='ocrx_word' id='word_1_27' title='bbox 140 868 198 939; x_wconf 89' lang='lat' dir='ltr'>est,</span> <span class='ocrx_word' id='word_1_28' title='bbox 221 864 249 928; x_wconf 92' lang='lat' dir='ltr'>si</span> <span class='ocrx_word' id='word_1_29' title='bbox 267 864 299 926; x_wconf 93' lang='lat' dir='ltr'>in</span> <span class='ocrx_word' id='word_1_30' title='bbox 320 862 440 946; x_wconf 81' lang='lat' dir='ltr'>origine</span> <span class='ocrx_word' id='word_1_31' title='bbox 460 849 519 927; x_wconf 82' lang='lat' dir='ltr'>sua</span> <span class='ocrx_word' id='word_1_32' title='bbox 538 865 664 927; x_wconf 88' lang='lat' dir='ltr'>saluum</span> <span class='ocrx_word' id='word_1_33' title='bbox 684 867 743 930; x_wconf 90' lang='lat' dir='ltr'>est.</span> <span class='ocrx_word' id='word_1_34' title='bbox 769 863 903 946; x_wconf 90' lang='lat' dir='ltr'>denique</span> <span class='ocrx_word' id='word_1_35' title='bbox 922 865 1051 947; x_wconf 82' lang='lat' dir='ltr'>Moyses</span> <span class='ocrx_word' id='word_1_36' title='bbox 1070 868 1143 946; x_wconf 88' lang='lat' dir='ltr'>post</span> <span class='ocrx_word' id='word_1_37' title='bbox 1161 857 1287 928; x_wconf 89' lang='lat' dir='ltr'>tabulas</span> 
     </span>
     <span class='ocr_line' id='line_1_5' title="bbox 140 970 1287 1053; baseline 0.003 -20"><span class='ocrx_word' id='word_1_38' title='bbox 140 990 267 1052; x_wconf 89' lang='lat' dir='ltr'>sparsas</span> <span class='ocrx_word' id='word_1_39' title='bbox 300 970 381 1053; x_wconf 84' lang='lat' dir='ltr'>legis</span> <span class='ocrx_word' id='word_1_40' title='bbox 415 973 447 1034; x_wconf 86' lang='lat' dir='ltr'>et</span> <span class='ocrx_word' id='word_1_41' title='bbox 480 971 692 1035; x_wconf 87' lang='lat' dir='ltr'>comminutas</span> <span class='ocrx_word' id='word_1_42' title='bbox 730 991 791 1036; x_wconf 92' lang='lat' dir='ltr'>non</span> <span class='ocrx_word' id='word_1_43' title='bbox 826 971 964 1035; x_wconf 84' lang='lat' dir='ltr'>damnari</span> <span class='ocrx_word' id='word_1_44' title='bbox 997 973 1114 1036; x_wconf 91' lang='lat' dir='ltr'>meruit</span> <span class='ocrx_word' id='word_1_45' title='bbox 1148 975 1180 1036; x_wconf 91' lang='lat' dir='ltr'>et</span> <span class='ocrx_word' id='word_1_46' title='bbox 1214 972 1287 1038; x_wconf 86' lang='lat' dir='ltr'>Sina</span> 
     </span>
     <span class='ocr_line' id='line_1_6' title="bbox 111 1078 1284 1160; baseline 0.007 -25"><span class='ocrx_word' id='word_1_47' title='bbox 111 1079 251 1159; x_wconf 74' lang='lat' dir='ltr'>spostea</span> <span class='ocrx_word' id='word_1_48' title='bbox 275 1081 417 1140; x_wconf 90' lang='lat' dir='ltr'>montem</span> <span class='ocrx_word' id='word_1_49' title='bbox 440 1081 610 1142; x_wconf 88' lang='lat' dir='ltr'>reuocatus</span> <span class='ocrx_word' id='word_1_50' title='bbox 644 1078 788 1142; x_wconf 89' lang='lat' dir='ltr'>ascendit</span> <span class='ocrx_word' id='word_1_51' title='bbox 820 1082 853 1142; x_wconf 91' lang='lat' dir='ltr'>et</span> <span class='ocrx_word' id='word_1_52' title='bbox 879 1079 968 1160; x_wconf 90' lang='lat' dir='ltr'>loqui</span> <span class='ocrx_word' id='word_1_53' title='bbox 993 1098 1065 1142; x_wconf 91' lang='lat' dir='ltr'>cum</span> <span class='ocrx_word' id='word_1_54' title='bbox 1091 1079 1148 1143; x_wconf 93' lang='lat' dir='ltr'>deo</span> <span class='ocrx_word' id='word_1_55' title='bbox 1171 1080 1284 1144; x_wconf 89' lang='lat' dir='ltr'>iterum</span> 
     </span>
     <span class='ocr_line' id='line_1_7' title="bbox 139 1184 1288 1268; baseline 0.003 -22"><span class='ocrx_word' id='word_1_56' title='bbox 139 1184 258 1247; x_wconf 88' lang='lat' dir='ltr'>meruit</span> <span class='ocrx_word' id='word_1_57' title='bbox 281 1186 313 1247; x_wconf 88' lang='lat' dir='ltr'>et</span> <span class='ocrx_word' id='word_1_58' title='bbox 341 1184 515 1248; x_wconf 89' lang='lat' dir='ltr'>secundum</span> <span class='ocrx_word' id='word_1_59' title='bbox 543 1185 647 1267; x_wconf 84' lang='lat' dir='ltr'>legem</span> <span class='ocrx_word' id='word_1_60' title='bbox 675 1184 858 1248; x_wconf 88' lang='lat' dir='ltr'>innonatam</span> <span class='ocrx_word' id='word_1_61' title='bbox 888 1185 1020 1267; x_wconf 86' lang='lat' dir='ltr'>accepit,</span> <span class='ocrx_word' id='word_1_62' title='bbox 1050 1205 1143 1267; x_wconf 90' lang='lat' dir='ltr'>quam</span> <span class='ocrx_word' id='word_1_63' title='bbox 1171 1186 1288 1268; x_wconf 91' lang='lat' dir='ltr'>prodiit</span> 
     </span>
     <span class='ocr_line' id='line_1_8' title="bbox 138 1289 1286 1372; baseline 0.004 -20"><span class='ocrx_word' id='word_1_64' title='bbox 138 1291 256 1353; x_wconf 89' lang='lat' dir='ltr'>titulus</span> <span class='ocrx_word' id='word_1_65' title='bbox 289 1289 377 1367; x_wconf 91' lang='lat' dir='ltr'>libri,</span> <span class='ocrx_word' id='word_1_66' title='bbox 411 1291 465 1372; x_wconf 91' lang='lat' dir='ltr'>qui</span> <span class='ocrx_word' id='word_1_67' title='bbox 499 1290 619 1355; x_wconf 82' lang='lat' dir='ltr'>Graeco</span> <span class='ocrx_word' id='word_1_68' title='bbox 652 1289 811 1355; x_wconf 88' lang='lat' dir='ltr'>uocabulo</span> <span class='ocrx_word' id='word_1_69' title='bbox 845 1291 1089 1356; x_wconf 78' lang='lat' dir='ltr'>deuteronomos</span> <span class='ocrx_word' id='word_1_70' title='bbox 1128 1291 1286 1358; x_wconf 81' lang='lat' dir='ltr'>scribitur.</span> 
     </span>
     <span class='ocr_line' id='line_1_9' title="bbox 140 1397 1287 1482; baseline 0.002 -22"><span class='ocrx_word' id='word_1_71' title='bbox 140 1416 212 1460; x_wconf 89' lang='lat' dir='ltr'>ecce</span> <span class='ocrx_word' id='word_1_72' title='bbox 237 1416 298 1460; x_wconf 90' lang='lat' dir='ltr'>non</span> <span class='ocrx_word' id='word_1_73' title='bbox 323 1398 405 1479; x_wconf 89' lang='lat' dir='ltr'>perit</span> <span class='ocrx_word' id='word_1_74' title='bbox 431 1398 464 1460; x_wconf 90' lang='lat' dir='ltr'>in</span> <span class='ocrx_word' id='word_1_75' title='bbox 492 1399 574 1480; x_wconf 81' lang='lat' dir='ltr'>lege,</span> <span class='ocrx_word' id='word_1_76' title='bbox 604 1397 689 1479; x_wconf 93' lang='lat' dir='ltr'>quod</span> <span class='ocrx_word' id='word_1_77' title='bbox 718 1399 843 1461; x_wconf 89' lang='lat' dir='ltr'>saluum</span> <span class='ocrx_word' id='word_1_78' title='bbox 871 1397 975 1461; x_wconf 88' lang='lat' dir='ltr'>fuerat</span> <span class='ocrx_word' id='word_1_79' title='bbox 1001 1397 1033 1461; x_wconf 88' lang='lat' dir='ltr'>in</span> <span class='ocrx_word' id='word_1_80' title='bbox 1056 1397 1193 1482; x_wconf 83' lang='lat' dir='ltr'>origine.</span> <span class='ocrx_word' id='word_1_81' title='bbox 1232 1398 1287 1462; x_wconf 88' lang='lat' dir='ltr'>sed</span> 
     </span>
    </p>
   </div>
   <div class='ocr_carea' id='block_1_5' title="bbox 138 1503 1388 1588">
    <p class='ocr_par' dir='ltr' id='par_1_5' title="bbox 138 1503 1388 1588">
     <span class='ocr_line' id='line_1_10' title="bbox 138 1503 1388 1588; baseline 0.001 -21"><span class='ocrx_word' id='word_1_82' title='bbox 138 1524 177 1567; x_wconf 91' lang='lat' dir='ltr'>ne</span> <span class='ocrx_word' id='word_1_83' title='bbox 206 1504 258 1568; x_wconf 90' lang='lat' dir='ltr'>cui</span> <span class='ocrx_word' id='word_1_84' title='bbox 287 1504 434 1567; x_wconf 89' lang='lat' dir='ltr'>uideatur</span> <span class='ocrx_word' id='word_1_85' title='bbox 461 1504 589 1588; x_wconf 81' lang='lat' dir='ltr'>Moyses</span> <span class='ocrx_word' id='word_1_86' title='bbox 619 1503 771 1568; x_wconf 87' lang='lat' dir='ltr'>habuisse</span> <span class='ocrx_word' id='word_1_87' title='bbox 798 1503 958 1578; x_wconf 88' lang='lat' dir='ltr'>meritum,</span> <span class='ocrx_word' id='word_1_88' title='bbox 987 1506 1025 1566; x_wconf 89' lang='lat' dir='ltr'>ut</span> <span class='ocrx_word' id='word_1_89' title='bbox 1052 1504 1089 1568; x_wconf 92' lang='lat' dir='ltr'>de</span> <span class='ocrx_word' id='word_1_90' title='bbox 1119 1503 1286 1586; x_wconf 90' lang='lat' dir='ltr'>conloquio</span> <span class='ocrx_word' id='word_1_91' title='bbox 1386 1522 1388 1528; x_wconf 75' lang='grc'>’</span> 
     </span>
    </p>
   </div>
   <div class='ocr_carea' id='block_1_6' title="bbox 47 1609 1346 3608">
    <p class='ocr_par' dir='ltr' id='par_1_6' title="bbox 47 1609 1346 3608">
     <span class='ocr_line' id='line_1_11' title="bbox 98 1609 1287 1692; baseline 0.002 -20"><span class='ocrx_word' id='word_1_92' title='bbox 98 1629 120 1666; x_wconf 75' lang='lat' dir='ltr'>ro</span> <span class='ocrx_word' id='word_1_93' title='bbox 139 1610 298 1692; x_wconf 85' lang='lat' dir='ltr'>quandam</span> <span class='ocrx_word' id='word_1_94' title='bbox 323 1610 407 1692; x_wconf 86' lang='lat' dir='ltr'>apud</span> <span class='ocrx_word' id='word_1_95' title='bbox 431 1610 525 1673; x_wconf 89' lang='lat' dir='ltr'>deum</span> <span class='ocrx_word' id='word_1_96' title='bbox 549 1609 698 1674; x_wconf 88' lang='lat' dir='ltr'>fiduciam</span> <span class='ocrx_word' id='word_1_97' title='bbox 719 1614 751 1674; x_wconf 93' lang='lat' dir='ltr'>et</span> <span class='ocrx_word' id='word_1_98' title='bbox 768 1610 839 1674; x_wconf 88' lang='lat' dir='ltr'>ideo</span> <span class='ocrx_word' id='word_1_99' title='bbox 864 1609 958 1674; x_wconf 91' lang='lat' dir='ltr'>deum</span> <span class='ocrx_word' id='word_1_100' title='bbox 981 1629 1042 1674; x_wconf 91' lang='lat' dir='ltr'>nou</span> <span class='ocrx_word' id='word_1_101' title='bbox 1066 1610 1181 1672; x_wconf 89' lang='lat' dir='ltr'>iratum</span> <span class='ocrx_word' id='word_1_102' title='bbox 1206 1628 1287 1684; x_wconf 89' lang='lat' dir='ltr'>esse,</span> 
     </span>
     <span class='ocr_line' id='line_1_12' title="bbox 139 1717 1286 1800; baseline -0.001 -20"><span class='ocrx_word' id='word_1_103' title='bbox 139 1721 170 1780; x_wconf 86' lang='lat' dir='ltr'>et</span> <span class='ocrx_word' id='word_1_104' title='bbox 194 1717 256 1780; x_wconf 92' lang='lat' dir='ltr'>hoc</span> <span class='ocrx_word' id='word_1_105' title='bbox 281 1717 308 1780; x_wconf 94' lang='lat' dir='ltr'>si</span> <span class='ocrx_word' id='word_1_106' title='bbox 327 1717 373 1780; x_wconf 89' lang='lat' dir='ltr'>ita</span> <span class='ocrx_word' id='word_1_107' title='bbox 392 1720 487 1793; x_wconf 91' lang='lat' dir='ltr'>esset,</span> <span class='ocrx_word' id='word_1_108' title='bbox 509 1736 634 1800; x_wconf 91' lang='lat' dir='ltr'>semper</span> <span class='ocrx_word' id='word_1_109' title='bbox 653 1717 794 1780; x_wconf 89' lang='lat' dir='ltr'>amicitia</span> <span class='ocrx_word' id='word_1_110' title='bbox 812 1717 962 1780; x_wconf 86' lang='lat' dir='ltr'>meritum</span> <span class='ocrx_word' id='word_1_111' title='bbox 983 1736 1075 1779; x_wconf 90' lang='lat' dir='ltr'>suum</span> <span class='ocrx_word' id='word_1_112' title='bbox 1096 1717 1129 1778; x_wconf 92' lang='lat' dir='ltr'>et</span> <span class='ocrx_word' id='word_1_113' title='bbox 1146 1717 1286 1779; x_wconf 86' lang='lat' dir='ltr'>fructum</span> 
     </span>
     <span class='ocr_line' id='line_1_13' title="bbox 139 1821 1287 1906; baseline -0.002 -20"><span class='ocrx_word' id='word_1_114' title='bbox 139 1823 263 1906; x_wconf 83' lang='lat' dir='ltr'>erigere</span> <span class='ocrx_word' id='word_1_115' title='bbox 292 1823 441 1886; x_wconf 79' lang='lat' dir='ltr'>debebat:</span> <span class='ocrx_word' id='word_1_116' title='bbox 476 1841 570 1904; x_wconf 91' lang='lat' dir='ltr'>quare</span> <span class='ocrx_word' id='word_1_117' title='bbox 599 1824 630 1886; x_wconf 92' lang='lat' dir='ltr'>in</span> <span class='ocrx_word' id='word_1_118' title='bbox 661 1843 733 1888; x_wconf 91' lang='lat' dir='ltr'>eum</span> <span class='ocrx_word' id='word_1_119' title='bbox 761 1831 872 1906; x_wconf 83' lang='lat' dir='ltr'>postea</span> <span class='ocrx_word' id='word_1_120' title='bbox 897 1823 1093 1887; x_wconf 90' lang='lat' dir='ltr'>uindicatum</span> <span class='ocrx_word' id='word_1_121' title='bbox 1118 1824 1176 1898; x_wconf 89' lang='lat' dir='ltr'>est,</span> <span class='ocrx_word' id='word_1_122' title='bbox 1203 1821 1287 1903; x_wconf 91' lang='lat' dir='ltr'>quod</span> 
     </span>
     <span class='ocr_line' id='line_1_14' title="bbox 140 1928 1286 2011; baseline -0.002 -17"><span class='ocrx_word' id='word_1_123' title='bbox 140 1929 292 1994; x_wconf 77' lang='lat' dir='ltr'>offendit?</span> <span class='ocrx_word' id='word_1_124' title='bbox 317 1949 419 1994; x_wconf 90' lang='lat' dir='ltr'>nonne</span> <span class='ocrx_word' id='word_1_125' title='bbox 443 1933 480 1992; x_wconf 91' lang='lat' dir='ltr'>ut</span> <span class='ocrx_word' id='word_1_126' title='bbox 504 1930 725 1995; x_wconf 76' lang='lat' dir='ltr'>ostenderetur</span> <span class='ocrx_word' id='word_1_127' title='bbox 747 1933 819 1994; x_wconf 92' lang='lat' dir='ltr'>leue</span> <span class='ocrx_word' id='word_1_128' title='bbox 843 1931 942 1994; x_wconf 91' lang='lat' dir='ltr'>fuisse</span> <span class='ocrx_word' id='word_1_129' title='bbox 966 1929 1057 2006; x_wconf 89' lang='lat' dir='ltr'>illud,</span> <span class='ocrx_word' id='word_1_130' title='bbox 1079 1928 1163 2011; x_wconf 92' lang='lat' dir='ltr'>quod</span> <span class='ocrx_word' id='word_1_131' title='bbox 1185 1929 1286 1992; x_wconf 88' lang='lat' dir='ltr'>iratus</span> 
     </span>
     <span class='ocr_line' id='line_1_15' title="bbox 140 2035 1346 2120; baseline 0 -22"><span class='ocrx_word' id='word_1_132' title='bbox 140 2035 333 2100; x_wconf 82' lang='lat' dir='ltr'>admiserat?</span> <span class='ocrx_word' id='word_1_133' title='bbox 353 2038 402 2100; x_wconf 82' lang='lat' dir='ltr'>lex</span> <span class='ocrx_word' id='word_1_134' title='bbox 421 2036 452 2099; x_wconf 92' lang='lat' dir='ltr'>in</span> <span class='ocrx_word' id='word_1_135' title='bbox 478 2036 536 2100; x_wconf 91' lang='lat' dir='ltr'>deo</span> <span class='ocrx_word' id='word_1_136' title='bbox 562 2055 638 2101; x_wconf 89' lang='lat' dir='ltr'>sana</span> <span class='ocrx_word' id='word_1_137' title='bbox 660 2038 731 2114; x_wconf 85' lang='lat' dir='ltr'>fnit,</span> <span class='ocrx_word' id='word_1_138' title='bbox 752 2040 784 2100; x_wconf 89' lang='lat' dir='ltr'>et</span> <span class='ocrx_word' id='word_1_139' title='bbox 806 2041 975 2120; x_wconf 88' lang='lat' dir='ltr'>postquam</span> <span class='ocrx_word' id='word_1_140' title='bbox 1000 2037 1037 2101; x_wconf 91' lang='lat' dir='ltr'>ab</span> <span class='ocrx_word' id='word_1_141' title='bbox 1062 2035 1189 2100; x_wconf 91' lang='lat' dir='ltr'>homine</span> <span class='ocrx_word' id='word_1_142' title='bbox 1213 2054 1285 2099; x_wconf 89' lang='lat' dir='ltr'>cum</span> <span class='ocrx_word' id='word_1_143' title='bbox 1344 2114 1346 2118; x_wconf 23' lang='grc' dir='ltr'>Ι</span> 
     </span>
     <span class='ocr_line' id='line_1_16' title="bbox 98 2141 1284 2227; baseline -0.002 -21"><span class='ocrx_word' id='word_1_144' title='bbox 98 2162 119 2198; x_wconf 81' lang='lat'>1⁵</span> <span class='ocrx_word' id='word_1_145' title='bbox 138 2143 259 2206; x_wconf 87' lang='lat' dir='ltr'>tabulis</span> <span class='ocrx_word' id='word_1_146' title='bbox 282 2142 417 2225; x_wconf 88' lang='lat' dir='ltr'>lapideis</span> <span class='ocrx_word' id='word_1_147' title='bbox 440 2143 540 2206; x_wconf 80' lang='lat' dir='ltr'>fracta</span> <span class='ocrx_word' id='word_1_148' title='bbox 560 2145 623 2216; x_wconf 74' lang='lat' dir='ltr'>est,</span> <span class='ocrx_word' id='word_1_149' title='bbox 649 2143 776 2227; x_wconf 81' lang='lat' dir='ltr'>deuotio</span> <span class='ocrx_word' id='word_1_150' title='bbox 796 2163 876 2225; x_wconf 87' lang='lat' dir='ltr'>quae</span> <span class='ocrx_word' id='word_1_151' title='bbox 896 2144 934 2207; x_wconf 89' lang='lat' dir='ltr'>ab</span> <span class='ocrx_word' id='word_1_152' title='bbox 954 2143 1081 2208; x_wconf 93' lang='lat' dir='ltr'>homine</span> <span class='ocrx_word' id='word_1_153' title='bbox 1102 2141 1284 2216; x_wconf 81' lang='lat' dir='ltr'>debebatur,</span> 
     </span>
     <span class='ocr_line' id='line_1_17' title="bbox 139 2247 1321 2333; baseline 0.001 -24"><span class='ocrx_word' id='word_1_154' title='bbox 139 2247 194 2310; x_wconf 92' lang='lat' dir='ltr'>ubi</span> <span class='ocrx_word' id='word_1_155' title='bbox 219 2247 358 2311; x_wconf 83' lang='lat' dir='ltr'>exhibita</span> <span class='ocrx_word' id='word_1_156' title='bbox 380 2267 441 2312; x_wconf 90' lang='lat' dir='ltr'>non</span> <span class='ocrx_word' id='word_1_157' title='bbox 467 2251 525 2325; x_wconf 89' lang='lat' dir='ltr'>est,</span> <span class='ocrx_word' id='word_1_158' title='bbox 550 2247 678 2333; x_wconf 81' lang='lat' dir='ltr'>Moyses</span> <span class='ocrx_word' id='word_1_159' title='bbox 701 2249 789 2324; x_wconf 85' lang='lat' dir='ltr'>illam</span> <span class='ocrx_word' id='word_1_160' title='bbox 813 2268 947 2330; x_wconf 90' lang='lat' dir='ltr'>poenam</span> <span class='ocrx_word' id='word_1_161' title='bbox 972 2248 1095 2324; x_wconf 88' lang='lat' dir='ltr'>meruit,</span> <span class='ocrx_word' id='word_1_162' title='bbox 1120 2251 1158 2311; x_wconf 91' lang='lat' dir='ltr'>ut</span> <span class='ocrx_word' id='word_1_163' title='bbox 1179 2247 1283 2311; x_wconf 90' lang='lat' dir='ltr'>medio</span> <span class='ocrx_word' id='word_1_164' title='bbox 1318 2299 1321 2309; x_wconf 67' lang='lat'>.</span> 
     </span>
     <span class='ocr_line' id='line_1_18' title="bbox 139 2353 1285 2436; baseline 0 -20"><span class='ocrx_word' id='word_1_165' title='bbox 139 2353 252 2417; x_wconf 89' lang='lat' dir='ltr'>itinere</span> <span class='ocrx_word' id='word_1_166' title='bbox 272 2357 454 2431; x_wconf 88' lang='lat' dir='ltr'>moreretur,</span> <span class='ocrx_word' id='word_1_167' title='bbox 471 2373 509 2417; x_wconf 90' lang='lat' dir='ltr'>ne</span> <span class='ocrx_word' id='word_1_168' title='bbox 524 2357 641 2418; x_wconf 87' lang='lat' dir='ltr'>terram</span> <span class='ocrx_word' id='word_1_169' title='bbox 659 2354 879 2436; x_wconf 85' lang='lat' dir='ltr'>promissionis</span> <span class='ocrx_word' id='word_1_170' title='bbox 898 2355 1038 2431; x_wconf 85' lang='lat' dir='ltr'>intraret,</span> <span class='ocrx_word' id='word_1_171' title='bbox 1058 2355 1140 2418; x_wconf 91' lang='lat' dir='ltr'>unde</span> <span class='ocrx_word' id='word_1_172' title='bbox 1161 2357 1285 2429; x_wconf 88' lang='lat' dir='ltr'>constat</span> 
     </span>
     <span class='ocr_line' id='line_1_19' title="bbox 139 2461 1283 2544; baseline 0 -21"><span class='ocrx_word' id='word_1_173' title='bbox 139 2480 200 2524; x_wconf 88' lang='lat' dir='ltr'>nou</span> <span class='ocrx_word' id='word_1_174' title='bbox 234 2480 384 2543; x_wconf 86' lang='lat' dir='ltr'>magnum</span> <span class='ocrx_word' id='word_1_175' title='bbox 417 2464 584 2543; x_wconf 88' lang='lat' dir='ltr'>peccatum</span> <span class='ocrx_word' id='word_1_176' title='bbox 616 2480 711 2544; x_wconf 92' lang='lat' dir='ltr'>posse</span> <span class='ocrx_word' id='word_1_177' title='bbox 745 2461 920 2544; x_wconf 87' lang='lat' dir='ltr'>conputari,</span> <span class='ocrx_word' id='word_1_178' title='bbox 954 2461 1038 2542; x_wconf 92' lang='lat' dir='ltr'>quod</span> <span class='ocrx_word' id='word_1_179' title='bbox 1067 2461 1098 2525; x_wconf 92' lang='lat' dir='ltr'>in</span> <span class='ocrx_word' id='word_1_180' title='bbox 1126 2461 1283 2544; x_wconf 88' lang='lat' dir='ltr'>praesenti</span> 
     </span>
     <span class='ocr_line' id='line_1_20' title="bbox 140 2567 1283 2651; baseline -0.001 -21"><span class='ocrx_word' id='word_1_181' title='bbox 140 2567 281 2650; x_wconf 81' lang='lat' dir='ltr'>exemplo</span> <span class='ocrx_word' id='word_1_182' title='bbox 304 2568 410 2648; x_wconf 87' lang='lat' dir='ltr'>potuit</span> <span class='ocrx_word' id='word_1_183' title='bbox 432 2568 550 2650; x_wconf 91' lang='lat' dir='ltr'>inpune</span> <span class='ocrx_word' id='word_1_184' title='bbox 575 2569 742 2632; x_wconf 82' lang='lat' dir='ltr'>committi.</span> <span class='ocrx_word' id='word_1_185' title='bbox 768 2569 845 2633; x_wconf 90' lang='lat' dir='ltr'>haec</span> <span class='ocrx_word' id='word_1_186' title='bbox 869 2569 896 2632; x_wconf 90' lang='lat' dir='ltr'>si</span> <span class='ocrx_word' id='word_1_187' title='bbox 920 2568 1144 2651; x_wconf 89' lang='lat' dir='ltr'>aparentibus</span> <span class='ocrx_word' id='word_1_188' title='bbox 1169 2567 1283 2630; x_wconf 89' lang='lat' dir='ltr'>uestris</span> 
     </span>
     <span class='ocr_line' id='line_1_21' title="bbox 97 2673 1283 2759; baseline 0.005 -29"><span class='ocrx_word' id='word_1_189' title='bbox 97 2674 330 2751; x_wconf 65' lang='lat' dir='ltr'>indicerentur,</span> <span class='ocrx_word' id='word_1_190' title='bbox 355 2675 425 2756; x_wconf 90' lang='lat' dir='ltr'>quis</span> <span class='ocrx_word' id='word_1_191' title='bbox 451 2675 496 2740; x_wconf 88' lang='lat' dir='ltr'>eis</span> <span class='ocrx_word' id='word_1_192' title='bbox 521 2676 775 2740; x_wconf 92' lang='lat' dir='ltr'>communionem</span> <span class='ocrx_word' id='word_1_193' title='bbox 799 2695 913 2759; x_wconf 84' lang='lat' dir='ltr'>negare</span> <span class='ocrx_word' id='word_1_194' title='bbox 936 2676 1116 2758; x_wconf 79' lang='lat' dir='ltr'>potuisset?</span> <span class='ocrx_word' id='word_1_195' title='bbox 1137 2673 1232 2756; x_wconf 79' lang='lat' dir='ltr'>quid?</span> <span class='ocrx_word' id='word_1_196' title='bbox 1258 2674 1283 2738; x_wconf 93' lang='lat' dir='ltr'>si</span> 
     </span>
     <span class='ocr_line' id='line_1_22' title="bbox 139 2781 1282 2864; baseline -0.002 -20"><span class='ocrx_word' id='word_1_197' title='bbox 139 2784 170 2844; x_wconf 87' lang='lat' dir='ltr'>et</span> <span class='ocrx_word' id='word_1_198' title='bbox 201 2781 258 2845; x_wconf 88' lang='lat' dir='ltr'>illa</span> <span class='ocrx_word' id='word_1_199' title='bbox 291 2782 516 2864; x_wconf 88' lang='lat' dir='ltr'>consequentia</span> <span class='ocrx_word' id='word_1_200' title='bbox 550 2783 691 2864; x_wconf 84' lang='lat' dir='ltr'>exempla</span> <span class='ocrx_word' id='word_1_201' title='bbox 717 2785 937 2864; x_wconf 89' lang='lat' dir='ltr'>proponerent,</span> <span class='ocrx_word' id='word_1_202' title='bbox 960 2783 992 2846; x_wconf 92' lang='lat' dir='ltr'>in</span> <span class='ocrx_word' id='word_1_203' title='bbox 1018 2782 1131 2864; x_wconf 89' lang='lat' dir='ltr'>quibus</span> <span class='ocrx_word' id='word_1_204' title='bbox 1154 2781 1282 2863; x_wconf 86' lang='lat' dir='ltr'>legitur,</span> 
     </span>
     <span class='ocr_line' id='line_1_23' title="bbox 50 2887 1283 2982; baseline 0.001 -33"><span class='ocrx_word' id='word_1_205' title='bbox 50 2954 63 2982; x_wconf 33' lang='grc' dir='ltr'><em>ἡ</em></span> <span class='ocrx_word' id='word_1_206' title='bbox 138 2887 287 2951; x_wconf 79' lang='lat' dir='ltr'>innodata</span> <span class='ocrx_word' id='word_1_207' title='bbox 321 2890 370 2952; x_wconf 80' lang='lat' dir='ltr'>lex</span> <span class='ocrx_word' id='word_1_208' title='bbox 403 2907 475 2952; x_wconf 87' lang='lat' dir='ltr'>cunr</span> <span class='ocrx_word' id='word_1_209' title='bbox 509 2889 678 2953; x_wconf 89' lang='lat' dir='ltr'>haberetur</span> <span class='ocrx_word' id='word_1_210' title='bbox 709 2889 741 2952; x_wconf 92' lang='lat' dir='ltr'>in</span> <span class='ocrx_word' id='word_1_211' title='bbox 775 2908 845 2953; x_wconf 87' lang='lat' dir='ltr'>aron</span> <span class='ocrx_word' id='word_1_212' title='bbox 878 2893 910 2954; x_wconf 90' lang='lat' dir='ltr'>et</span> <span class='ocrx_word' id='word_1_213' title='bbox 937 2891 1075 2972; x_wconf 89' lang='lat' dir='ltr'>populus</span> <span class='ocrx_word' id='word_1_214' title='bbox 1103 2889 1225 2953; x_wconf 88' lang='lat' dir='ltr'>Israhel</span> <span class='ocrx_word' id='word_1_215' title='bbox 1251 2888 1283 2951; x_wconf 93' lang='lat' dir='ltr'>in</span> 
     </span>
     <span class='ocr_line' id='line_1_24' title="bbox 47 2977 1282 3078; baseline 0.001 -22"><span class='ocrx_word' id='word_1_216' title='bbox 47 2977 69 2988; x_wconf 38' lang='lat'>&#39;¹</span> <span class='ocrx_word' id='word_1_217' title='bbox 137 2995 256 3075; x_wconf 87' lang='lat' dir='ltr'>proelio</span> <span class='ocrx_word' id='word_1_218' title='bbox 290 2996 479 3062; x_wconf 88' lang='lat' dir='ltr'>uinceretur.</span> <span class='ocrx_word' id='word_1_219' title='bbox 520 2996 569 3058; x_wconf 84' lang='lat' dir='ltr'>len</span> <span class='ocrx_word' id='word_1_220' title='bbox 603 3014 682 3077; x_wconf 90' lang='lat' dir='ltr'>quae</span> <span class='ocrx_word' id='word_1_221' title='bbox 714 2996 746 3058; x_wconf 92' lang='lat' dir='ltr'>in</span> <span class='ocrx_word' id='word_1_222' title='bbox 775 3015 847 3059; x_wconf 87' lang='lat' dir='ltr'>arca</span> <span class='ocrx_word' id='word_1_223' title='bbox 875 2995 1006 3060; x_wconf 89' lang='lat' dir='ltr'>consilio</span> <span class='ocrx_word' id='word_1_224' title='bbox 1034 2996 1223 3078; x_wconf 90' lang='lat' dir='ltr'>populorum</span> <span class='ocrx_word' id='word_1_225' title='bbox 1251 2995 1282 3057; x_wconf 92' lang='lat' dir='ltr'>in</span> 
     </span>
     <span class='ocr_line' id='line_1_25' title="bbox 138 3099 1338 3185; baseline 0.002 -23"><span class='ocrx_word' id='word_1_226' title='bbox 138 3099 247 3164; x_wconf 90' lang='lat' dir='ltr'>hostes</span> <span class='ocrx_word' id='word_1_227' title='bbox 277 3102 382 3166; x_wconf 88' lang='lat' dir='ltr'>adlata</span> <span class='ocrx_word' id='word_1_228' title='bbox 410 3105 468 3178; x_wconf 88' lang='lat' dir='ltr'>est,</span> <span class='ocrx_word' id='word_1_229' title='bbox 498 3119 578 3182; x_wconf 89' lang='lat' dir='ltr'>quae</span> <span class='ocrx_word' id='word_1_230' title='bbox 607 3102 645 3164; x_wconf 88' lang='lat' dir='ltr'>ab</span> <span class='ocrx_word' id='word_1_231' title='bbox 674 3102 752 3183; x_wconf 89' lang='lat' dir='ltr'>ipsis</span> <span class='ocrx_word' id='word_1_232' title='bbox 786 3102 979 3185; x_wconf 87' lang='lat' dir='ltr'>presbyteris</span> <span class='ocrx_word' id='word_1_233' title='bbox 1009 3107 1041 3166; x_wconf 92' lang='lat' dir='ltr'>et</span> <span class='ocrx_word' id='word_1_234' title='bbox 1068 3102 1181 3166; x_wconf 86' lang='lat' dir='ltr'>ceteris</span> <span class='ocrx_word' id='word_1_235' title='bbox 1209 3100 1283 3164; x_wconf 88' lang='lat' dir='ltr'>filiis</span> <span class='ocrx_word' id='word_1_236' title='bbox 1337 3129 1338 3132; x_wconf 39' lang='lat'>¹</span> 
     </span>
     <span class='ocr_line' id='line_1_26' title="bbox 95 3206 1283 3288; baseline -0.003 -16"><span class='ocrx_word' id='word_1_237' title='bbox 95 3233 120 3272; x_wconf 75' lang='lat' dir='ltr'>a</span> <span class='ocrx_word' id='word_1_238' title='bbox 140 3207 260 3271; x_wconf 88' lang='lat' dir='ltr'>Israhel</span> <span class='ocrx_word' id='word_1_239' title='bbox 284 3207 411 3272; x_wconf 85' lang='lat' dir='ltr'>defendi</span> <span class='ocrx_word' id='word_1_240' title='bbox 434 3227 495 3272; x_wconf 91' lang='lat' dir='ltr'>non</span> <span class='ocrx_word' id='word_1_241' title='bbox 519 3207 635 3288; x_wconf 89' lang='lat' dir='ltr'>potuit,</span> <span class='ocrx_word' id='word_1_242' title='bbox 661 3209 693 3270; x_wconf 89' lang='lat' dir='ltr'>et</span> <span class='ocrx_word' id='word_1_243' title='bbox 711 3207 849 3271; x_wconf 89' lang='lat' dir='ltr'>inimicis</span> <span class='ocrx_word' id='word_1_244' title='bbox 870 3211 920 3271; x_wconf 82' lang='lat' dir='ltr'>est</span> <span class='ocrx_word' id='word_1_245' title='bbox 937 3208 1062 3275; x_wconf 83' lang='lat' dir='ltr'>tradita.</span> <span class='ocrx_word' id='word_1_246' title='bbox 1083 3208 1159 3270; x_wconf 92' lang='lat' dir='ltr'>dum</span> <span class='ocrx_word' id='word_1_247' title='bbox 1178 3206 1283 3269; x_wconf 89' lang='lat' dir='ltr'>minus</span> 
     </span>
     <span class='ocr_line' id='line_1_27' title="bbox 139 3308 1284 3400; baseline -0.002 -24"><span class='ocrx_word' id='word_1_248' title='bbox 139 3317 188 3378; x_wconf 87' lang='lat' dir='ltr'>est</span> <span class='ocrx_word' id='word_1_249' title='bbox 213 3317 388 3397; x_wconf 88' lang='lat' dir='ltr'>reportata:</span> <span class='ocrx_word' id='word_1_250' title='bbox 412 3313 535 3400; x_wconf 82' lang='lat' dir='ltr'>tradita</span> <span class='ocrx_word' id='word_1_251' title='bbox 561 3315 632 3394; x_wconf 87' lang='lat' dir='ltr'>lege</span> <span class='ocrx_word' id='word_1_252' title='bbox 657 3313 711 3394; x_wconf 89' lang='lat' dir='ltr'>qui</span> <span class='ocrx_word' id='word_1_253' title='bbox 735 3313 935 3378; x_wconf 86' lang='lat' dir='ltr'>adferendam</span> <span class='ocrx_word' id='word_1_254' title='bbox 960 3313 1109 3389; x_wconf 81' lang='lat' dir='ltr'>dixerant,</span> <span class='ocrx_word' id='word_1_255' title='bbox 1134 3308 1284 3396; x_wconf 81' lang='lat' dir='ltr'>fugerunt</span> 
     </span>
     <span class='ocr_line' id='line_1_28' title="bbox 138 3419 1283 3503; baseline 0 -22"><span class='ocrx_word' id='word_1_256' title='bbox 138 3420 241 3484; x_wconf 90' lang='lat' dir='ltr'>timidi</span> <span class='ocrx_word' id='word_1_257' title='bbox 265 3422 297 3484; x_wconf 88' lang='lat' dir='ltr'>et</span> <span class='ocrx_word' id='word_1_258' title='bbox 320 3439 381 3483; x_wconf 93' lang='lat' dir='ltr'>non</span> <span class='ocrx_word' id='word_1_259' title='bbox 405 3421 556 3502; x_wconf 86' lang='lat' dir='ltr'>leguntur</span> <span class='ocrx_word' id='word_1_260' title='bbox 578 3423 691 3500; x_wconf 87' lang='lat' dir='ltr'>postea</span> <span class='ocrx_word' id='word_1_261' title='bbox 713 3420 745 3482; x_wconf 92' lang='lat' dir='ltr'>in</span> <span class='ocrx_word' id='word_1_262' title='bbox 769 3419 911 3483; x_wconf 87' lang='lat' dir='ltr'>uindicta</span> <span class='ocrx_word' id='word_1_263' title='bbox 939 3421 1057 3503; x_wconf 87' lang='lat' dir='ltr'>aliquid</span> <span class='ocrx_word' id='word_1_264' title='bbox 1084 3420 1180 3501; x_wconf 86' lang='lat' dir='ltr'>passi.</span> <span class='ocrx_word' id='word_1_265' title='bbox 1214 3419 1242 3482; x_wconf 90' lang='lat' dir='ltr'>si</span> <span class='ocrx_word' id='word_1_266' title='bbox 1265 3437 1283 3480; x_wconf 90' lang='lat' dir='ltr'>a</span> 
     </span>
     <span class='ocr_line' id='line_1_29' title="bbox 138 3525 1282 3608; baseline -0.002 -20"><span class='ocrx_word' id='word_1_267' title='bbox 138 3527 319 3608; x_wconf 88' lang='lat' dir='ltr'>parentibus</span> <span class='ocrx_word' id='word_1_268' title='bbox 343 3525 461 3590; x_wconf 88' lang='lat' dir='ltr'>uestris</span> <span class='ocrx_word' id='word_1_269' title='bbox 486 3525 563 3589; x_wconf 86' lang='lat' dir='ltr'>haec</span> <span class='ocrx_word' id='word_1_270' title='bbox 591 3525 671 3590; x_wconf 89' lang='lat' dir='ltr'>ratio</span> <span class='ocrx_word' id='word_1_271' title='bbox 700 3525 893 3602; x_wconf 80' lang='lat' dir='ltr'>redderetur,</span> <span class='ocrx_word' id='word_1_272' title='bbox 924 3526 995 3608; x_wconf 90' lang='lat' dir='ltr'>quis</span> <span class='ocrx_word' id='word_1_273' title='bbox 1023 3546 1077 3590; x_wconf 90' lang='lat' dir='ltr'>eos</span> <span class='ocrx_word' id='word_1_274' title='bbox 1102 3545 1120 3588; x_wconf 90' lang='lat' dir='ltr'>a</span> <span class='ocrx_word' id='word_1_275' title='bbox 1143 3545 1282 3590; x_wconf 94' lang='lat' dir='ltr'>commu-</span> 
     </span>
    </p>
   </div>
   <div class='ocr_carea' id='block_1_7' title="bbox 138 3631 1381 3713">
    <p class='ocr_par' dir='ltr' id='par_1_7' title="bbox 138 3631 1381 3713">
     <span class='ocr_line' id='line_1_30' title="bbox 138 3631 1381 3713; baseline 0 -19"><span class='ocrx_word' id='word_1_276' title='bbox 138 3633 227 3698; x_wconf 91' lang='lat' dir='ltr'>nione</span> <span class='ocrx_word' id='word_1_277' title='bbox 248 3651 305 3696; x_wconf 90' lang='lat' dir='ltr'>sua</span> <span class='ocrx_word' id='word_1_278' title='bbox 323 3633 475 3713; x_wconf 88' lang='lat' dir='ltr'>repellere</span> <span class='ocrx_word' id='word_1_279' title='bbox 490 3631 670 3713; x_wconf 82' lang='lat' dir='ltr'>potuisset?</span> <span class='ocrx_word' id='word_1_280' title='bbox 691 3631 788 3713; x_wconf 82' lang='lat' dir='ltr'>quid?</span> <span class='ocrx_word' id='word_1_281' title='bbox 809 3631 836 3694; x_wconf 89' lang='lat' dir='ltr'>si</span> <span class='ocrx_word' id='word_1_282' title='bbox 854 3650 911 3694; x_wconf 90' lang='lat' dir='ltr'>nec</span> <span class='ocrx_word' id='word_1_283' title='bbox 930 3631 987 3694; x_wconf 89' lang='lat' dir='ltr'>illa</span> <span class='ocrx_word' id='word_1_284' title='bbox 1006 3633 1148 3713; x_wconf 81' lang='lat' dir='ltr'>exempla</span> <span class='ocrx_word' id='word_1_285' title='bbox 1165 3631 1281 3694; x_wconf 85' lang='lat' dir='ltr'>tacuis—</span> <span class='ocrx_word' id='word_1_286' title='bbox 1380 3679 1381 3682; x_wconf 63' lang='lat'>,</span> 
     </span>
    </p>
   </div>
   <div class='ocr_carea' id='block_1_8' title="bbox 138 3831 1276 4032">
    <p class='ocr_par' dir='ltr' id='par_1_8' title="bbox 138 3831 1276 4032">
     <span class='ocr_line' id='line_1_31' title="bbox 164 3831 1276 3938; baseline -0.003 -10"><span class='ocrx_word' id='word_1_287' title='bbox 164 3831 170 3840; x_wconf 73' lang='lat'><em>›</em></span> <span class='ocrx_word' id='word_1_288' title='bbox 223 3877 239 3928; x_wconf 86' lang='lat'>5</span> <span class='ocrx_word' id='word_1_289' title='bbox 259 3875 305 3928; x_wconf 82' lang='lat' dir='ltr'>cfr.</span> <span class='ocrx_word' id='word_1_290' title='bbox 325 3875 409 3928; x_wconf 78' lang='lat' dir='ltr'>Exod.</span> <span class='ocrx_word' id='word_1_291' title='bbox 430 3875 472 3938; x_wconf 87' lang='grc'>34,</span> <span class='ocrx_word' id='word_1_292' title='bbox 493 3876 521 3938; x_wconf 83' lang='grc'>2;</span> <span class='ocrx_word' id='word_1_293' title='bbox 541 3876 623 3928; x_wconf 88' lang='lat' dir='ltr'>Dent.</span> <span class='ocrx_word' id='word_1_294' title='bbox 645 3875 685 3937; x_wconf 84' lang='lat' dir='ltr'>lo,</span> <span class='ocrx_word' id='word_1_295' title='bbox 707 3875 720 3927; x_wconf 92' lang='lat'>1</span> <span class='ocrx_word' id='word_1_296' title='bbox 778 3874 812 3927; x_wconf 87' lang='grc'>16</span> <span class='ocrx_word' id='word_1_297' title='bbox 831 3872 877 3926; x_wconf 88' lang='lat' dir='ltr'>cfr.</span> <span class='ocrx_word' id='word_1_298' title='bbox 894 3873 974 3927; x_wconf 91' lang='lat' dir='ltr'>Num.</span> <span class='ocrx_word' id='word_1_299' title='bbox 990 3873 1033 3937; x_wconf 81' lang='lat'>20,</span> <span class='ocrx_word' id='word_1_300' title='bbox 1048 3873 1092 3938; x_wconf 81' lang='lat'>12;</span> <span class='ocrx_word' id='word_1_301' title='bbox 1108 3874 1188 3926; x_wconf 85' lang='lat' dir='ltr'>Dent.</span> <span class='ocrx_word' id='word_1_302' title='bbox 1206 3874 1229 3936; x_wconf 89' lang='lat'>1,</span> <span class='ocrx_word' id='word_1_303' title='bbox 1244 3873 1276 3925; x_wconf 77' lang='lat'>37</span> 
     </span>
     <span class='ocr_line' id='line_1_32' title="bbox 138 3962 1028 4032; baseline 0 -17"><span class='ocrx_word' id='word_1_304' title='bbox 138 3965 169 4016; x_wconf 81' lang='grc'>22</span> <span class='ocrx_word' id='word_1_305' title='bbox 188 3981 227 4032; x_wconf 86' lang='lat' dir='ltr'>sq.</span> <span class='ocrx_word' id='word_1_306' title='bbox 248 3964 294 4019; x_wconf 82' lang='lat' dir='ltr'>cir.</span> <span class='ocrx_word' id='word_1_307' title='bbox 313 3962 327 4016; x_wconf 95' lang='lat' dir='ltr'>I</span> <span class='ocrx_word' id='word_1_308' title='bbox 345 3964 412 4032; x_wconf 85' lang='lat' dir='ltr'>Reg.</span> <span class='ocrx_word' id='word_1_309' title='bbox 431 3964 456 4026; x_wconf 89' lang='grc'>4,</span> <span class='ocrx_word' id='word_1_310' title='bbox 478 3963 574 4016; x_wconf 86' lang='lat'>3-11.</span> <span class='ocrx_word' id='word_1_311' title='bbox 1027 3997 1028 4000; x_wconf 60' lang='lat'><em>=</em></span> 
     </span>
    </p>
   </div>
   <div class='ocr_carea' id='block_1_9' title="bbox 136 4101 1278 4440">
    <p class='ocr_par' dir='ltr' id='par_1_9' title="bbox 136 4101 1278 4440">
     <span class='ocr_line' id='line_1_33' title="bbox 171 4101 1276 4174; baseline -0.005 -16"><span class='ocrx_word' id='word_1_312' title='bbox 171 4107 185 4158; x_wconf 90' lang='lat'>1</span> <span class='ocrx_word' id='word_1_313' title='bbox 204 4104 325 4174; x_wconf 86' lang='lat' dir='ltr'>perfecta</span> <span class='ocrx_word' id='word_1_314' title='bbox 344 4105 359 4158; x_wconf 87' lang='lat' dir='ltr'>b</span> <span class='ocrx_word' id='word_1_315' title='bbox 414 4107 431 4158; x_wconf 88' lang='grc'>4</span> <span class='ocrx_word' id='word_1_316' title='bbox 450 4122 510 4158; x_wconf 90' lang='lat' dir='ltr'>oum</span> <span class='ocrx_word' id='word_1_317' title='bbox 529 4121 582 4157; x_wconf 92' lang='lat' dir='ltr'>uon</span> <span class='ocrx_word' id='word_1_318' title='bbox 602 4105 692 4158; x_wconf 87' lang='lat' dir='ltr'>damn.</span> <span class='ocrx_word' id='word_1_319' title='bbox 712 4121 763 4158; x_wconf 79' lang='lat' dir='ltr'>sor.</span> <span class='ocrx_word' id='word_1_320' title='bbox 781 4103 900 4158; x_wconf 81' lang='lat' dir='ltr'>Caeoab.</span> <span class='ocrx_word' id='word_1_321' title='bbox 974 4103 1118 4155; x_wconf 86' lang='lat' dir='ltr'>meruisset</span> <span class='ocrx_word' id='word_1_322' title='bbox 1131 4103 1192 4172; x_wconf 85' lang='lat' dir='ltr'>(om.</span> <span class='ocrx_word' id='word_1_323' title='bbox 1209 4101 1276 4167; x_wconf 87' lang='lat' dir='ltr'>et)b</span> 
     </span>
     <span class='ocr_line' id='line_1_34' title="bbox 137 4189 1277 4262; baseline -0.005 -16"><span class='ocrx_word' id='word_1_324' title='bbox 137 4193 152 4246; x_wconf 84' lang='lat'>6</span> <span class='ocrx_word' id='word_1_325' title='bbox 169 4192 288 4262; x_wconf 90' lang='lat' dir='ltr'>prodidit</span> <span class='ocrx_word' id='word_1_326' title='bbox 307 4193 377 4248; x_wconf 71' lang='lat' dir='ltr'>eona.</span> <span class='ocrx_word' id='word_1_327' title='bbox 400 4193 519 4246; x_wconf 79' lang='lat' dir='ltr'>Oasaub.</span> <span class='ocrx_word' id='word_1_328' title='bbox 588 4192 620 4246; x_wconf 85' lang='lat'>13</span> <span class='ocrx_word' id='word_1_329' title='bbox 639 4209 693 4245; x_wconf 91' lang='lat' dir='ltr'>non</span> <span class='ocrx_word' id='word_1_330' title='bbox 711 4195 743 4245; x_wconf 91' lang='lat' dir='ltr'>ut</span> <span class='ocrx_word' id='word_1_331' title='bbox 762 4193 777 4245; x_wconf 86' lang='lat' dir='ltr'>b</span> <span class='ocrx_word' id='word_1_332' title='bbox 852 4191 886 4243; x_wconf 89' lang='grc'><strong>14</strong></span> <span class='ocrx_word' id='word_1_333' title='bbox 904 4189 978 4258; x_wconf 86' lang='lat' dir='ltr'>sana]</span> <span class='ocrx_word' id='word_1_334' title='bbox 998 4190 1094 4243; x_wconf 77' lang='lat' dir='ltr'>malim</span> <span class='ocrx_word' id='word_1_335' title='bbox 1113 4193 1207 4243; x_wconf 87' lang='lat' dir='ltr'>sancta</span> <span class='ocrx_word' id='word_1_336' title='bbox 1226 4190 1277 4256; x_wconf 71' lang='lat' dir='ltr'>cfr.</span> 
     </span>
     <span class='ocr_line' id='line_1_35' title="bbox 136 4277 1278 4347; baseline -0.005 -12"><span class='ocrx_word' id='word_1_337' title='bbox 136 4281 212 4336; x_wconf 82' lang='lat' dir='ltr'>Rom.</span> <span class='ocrx_word' id='word_1_338' title='bbox 239 4286 263 4347; x_wconf 84' lang='lat'>7,</span> <span class='ocrx_word' id='word_1_339' title='bbox 288 4285 324 4335; x_wconf 82' lang='lat'>12</span> <span class='ocrx_word' id='word_1_340' title='bbox 415 4282 448 4334; x_wconf 80' lang='lat'>15</span> <span class='ocrx_word' id='word_1_341' title='bbox 471 4280 579 4334; x_wconf 85' lang='lat' dir='ltr'>faotab</span> <span class='ocrx_word' id='word_1_342' title='bbox 686 4280 759 4333; x_wconf 83' lang='lat' dir='ltr'>facta</span> <span class='ocrx_word' id='word_1_343' title='bbox 784 4283 825 4334; x_wconf 88' lang='lat' dir='ltr'>est</span> <span class='ocrx_word' id='word_1_344' title='bbox 848 4279 957 4333; x_wconf 83' lang='lat' dir='ltr'>deuotio</span> <span class='ocrx_word' id='word_1_345' title='bbox 983 4295 1035 4347; x_wconf 87' lang='lat' dir='ltr'>qua</span> <span class='ocrx_word' id='word_1_346' title='bbox 1059 4279 1127 4332; x_wconf 78' lang='lat' dir='ltr'>coni.</span> <span class='ocrx_word' id='word_1_347' title='bbox 1154 4277 1278 4332; x_wconf 80' lang='lat' dir='ltr'>Oasaab.</span> 
     </span>
     <span class='ocr_line' id='line_1_36' title="bbox 138 4367 1067 4440; baseline -0.002 -18"><span class='ocrx_word' id='word_1_348' title='bbox 138 4371 169 4423; x_wconf 83' lang='lat'>16</span> <span class='ocrx_word' id='word_1_349' title='bbox 186 4371 234 4423; x_wconf 85' lang='lat' dir='ltr'>illa</span> <span class='ocrx_word' id='word_1_350' title='bbox 251 4386 340 4440; x_wconf 86' lang='lat' dir='ltr'>poena</span> <span class='ocrx_word' id='word_1_351' title='bbox 359 4371 373 4422; x_wconf 89' lang='lat' dir='ltr'>b</span> <span class='ocrx_word' id='word_1_352' title='bbox 430 4370 464 4423; x_wconf 90' lang='lat'>18</span> <span class='ocrx_word' id='word_1_353' title='bbox 481 4370 630 4438; x_wconf 87' lang='lat' dir='ltr'>praesenti]</span> <span class='ocrx_word' id='word_1_354' title='bbox 648 4370 799 4439; x_wconf 77' lang='lat' dir='ltr'>praeceptis</span> <span class='ocrx_word' id='word_1_355' title='bbox 819 4371 834 4422; x_wconf 87' lang='lat' dir='ltr'>b</span> <span class='ocrx_word' id='word_1_356' title='bbox 890 4369 923 4421; x_wconf 89' lang='grc'>19</span> <span class='ocrx_word' id='word_1_357' title='bbox 942 4368 1033 4437; x_wconf 87' lang='lat' dir='ltr'>patuit</span> <span class='ocrx_word' id='word_1_358' title='bbox 1052 4367 1067 4420; x_wconf 88' lang='lat' dir='ltr'>b</span> 
     </span>
    </p>
   </div>
   <div class='ocr_carea' id='block_1_10' title="bbox 186 4472 1205 4533">
    <p class='ocr_par' dir='ltr' id='par_1_10' title="bbox 186 4472 1205 4533">
     <span class='ocr_line' id='line_1_37' title="bbox 186 4472 1205 4533; baseline -0.009 0"><span class='ocrx_word' id='word_1_359' title='bbox 186 4495 266 4533; x_wconf 77' lang='lat' dir='ltr'>xxvi.</span> <span class='ocrx_word' id='word_1_360' title='bbox 1174 4472 1205 4524; x_wconf 93' lang='lat'>11</span> 
     </span>
    </p>
   </div>
   <div class='ocr_carea' id='block_1_11' title="bbox 0 0 1536 5010">
    <p class='ocr_par' dir='ltr' id='par_1_11' title="bbox 0 0 1536 5010">
     <span class='ocr_line' id='line_1_38' title="bbox 0 0 1536 5010; baseline 0 1"><span class='ocrx_word' id='word_1_361' title='bbox 0 0 1536 5010; x_wconf 95' lang='lat' dir='ltr'> </span> 
     </span>
    </p>
   </div>
  </div>
 </body>
</html>
