3052 5012
544 445 663 500 Liber
691 444 869 514 quintus,
895 459 915 498 c.
937 444 960 496 1.
1238 444 1301 510 119

151 641 409 708 commemorasti
432 640 516 705 enim
539 640 572 704 in
596 639 818 723 conparatione
841 638 1042 722 baptismatis
1063 639 1163 704 semel
1180 639 1300 704 factum

150 767 220 814 esse
255 748 413 814 diluuium
447 751 479 812 et
510 766 606 812 unam
639 746 914 813 circumcisionem
946 746 1046 810 fuisse
1075 746 1114 810 ad
1146 748 1300 830 populum

148 855 352 920 ludaeorum.
386 858 418 918 et
451 874 524 919 cnm
556 854 635 920 haec
657 853 749 918 initio
774 853 924 919 dictionis
950 856 1024 918 tuae
1047 853 1244 933 machonosio,
1267 853 1300 918 in

147 979 301 1044 processu
339 963 494 1026 tractatus
530 960 578 1024 tui
619 963 726 1024 tamen
768 959 882 1026 horum
924 959 1080 1025 inmemor
1119 961 1224 1024 factus
1267 979 1300 1024 es

118 1067 328 1134 einducenrlo
362 1068 441 1133 duas
475 1087 572 1150 aquas
606 1071 639 1131 et
668 1067 864 1152 argumentis
894 1067 931 1132 de
961 1086 1043 1149 aqua
1064 1086 1141 1132 uera
1165 1070 1198 1132 et
1219 1066 1300 1131 falsa

148 1174 295 1240 dicturus
340 1173 530 1258 principium
576 1173 731 1238 sermonis
777 1173 826 1237 tui
862 1173 1054 1256 insipienter
1095 1175 1298 1256 praestruens

149 1281 317 1357 or·dinasti;
350 1280 537 1346 infirmando
571 1280 736 1346 confirmas
770 1279 872 1345 sancti
903 1279 1105 1362 baptismatis
1138 1278 1298 1356 unionem,

150 1388 188 1453 de
213 1387 454 1452 circumcisione
478 1386 607 1452 Iudaica
630 1385 723 1469 quasi
749 1385 992 1450 fundamentum
1015 1387 1132 1451 iactare
1155 1385 1299 1461 uoluisti,

149 1495 236 1578 quod
267 1494 427 1578 baptisma
464 1494 708 1559 christianorum
740 1493 772 1557 in
805 1493 1021 1558 Hebraeorum
1059 1491 1299 1560 circumcisione

107 1624 130 1662 ιο
148 1600 255 1664 fuerat
291 1599 526 1675 adumbratum
566 1598 736 1664 defendisti
773 1599 972 1678 catholicam,
1015 1599 1090 1664 dum
1132 1599 1299 1682 inpugnas.

150 1707 270 1772 etenim
292 1707 325 1770 in
347 1725 518 1790 progressu
541 1708 697 1770 tractatus
720 1705 769 1770 tui
793 1706 929 1770 alterum
947 1689 979 1770 te
999 1706 1118 1770 inanire
1136 1705 1299 1788 professus
1337 1738 1339 1752 ·

151 1834 195 1892 es,
221 1819 259 1878 ut
281 1814 417 1877 alterum
440 1813 561 1895 replere
585 1812 749 1877 uidereris.
775 1815 860 1876 extra
887 1812 1118 1878 haereticorum
1141 1812 1301 1894 baptisma

151 1921 227 1984 dum
252 1919 331 1984 dicis
355 1920 489 1984 alterum
509 1922 542 1982 et
559 1920 704 1997 alterum,
728 1919 805 1983 licet
828 1919 954 1985 diuersa
977 1919 1142 1985 ostendere
1167 1921 1299 1984 conatus

152 2027 206 2104 sis,
227 2046 288 2091 non
306 2027 412 2109 possis
432 2044 557 2109 negare,
578 2025 652 2107 quia
676 2025 738 2091 duo
763 2029 851 2102 sunt3
877 2045 913 2090 ex
937 2027 1053 2108 quibus
1077 2026 1153 2090 dum
1177 2026 1299 2091 conaris

107 2134 272 2201 reauferre
296 2135 442 2210 alterum,
466 2132 628 2211 laborasti,
647 2138 685 2196 ut
703 2132 741 2197 de
761 2134 899 2198 secundo
924 2134 1015 2216 quasi
1037 2133 1173 2216 primum
1197 2133 1299 2198 facere

150 2240 314 2306 uidereris.
347 2239 545 2305 circumcisio
579 2243 687 2304 autem
720 2242 792 2304 ante
826 2240 998 2306 aduentum
1031 2240 1233 2324 baptismatis
1266 2240 1298 2303 in

109 2337 110 2342 ’
150 2348 254 2432 figura
283 2347 459 2431 praemissa
482 2349 531 2410 est
555 2349 587 2410 et
610 2366 628 2410 a
650 2352 682 2412 te
706 2349 879 2412 tractatum
913 2352 962 2412 est
994 2348 1078 2431 apud
1111 2347 1299 2413 christianos

151 2454 230 2518 duas
260 2473 330 2518 esse
359 2471 473 2536 aquam
508 2472 582 2537 ergo
612 2457 644 2518 et
672 2454 756 2538 apud
779 2454 914 2521 ludaeos
939 2455 1017 2520 duas
1042 2448 1299 2520 circumcisiones

151 2561 292 2639 ostende,
317 2561 449 2624 alteram
477 2560 652 2636 meliorem,
680 2561 820 2644 peiorem
848 2563 991 2627 alteram.
1020 2562 1081 2627 hoc
1106 2561 1133 2626 si
1157 2579 1299 2644 quaeras,

107 2693 131 2731 20
150 2687 212 2731 non
235 2667 354 2748 poteris
377 2665 530 2732 inuenire.
554 2668 698 2732 Abrahae
721 2668 877 2751 prosapia,
902 2688 964 2752 qua
987 2669 1096 2734 Iudaei
1120 2670 1299 2746 censentur,

149 2773 210 2838 hoc
244 2773 349 2856 sigillo
383 2793 417 2838 se
448 2773 595 2857 insigniri
626 2775 812 2858 gloriantur.
847 2795 920 2860 ergo
954 2777 1029 2842 talis
1058 2777 1153 2842 debet
1179 2777 1298 2840 ueritas

151 2880 251 2961 sequi,
285 2879 390 2961 qualis
424 2880 492 2945 eius
526 2880 632 2964 imago
665 2882 842 2964 praemissa
874 2887 933 2948 est.
966 2903 1039 2948 nam
1068 2886 1101 2949 et
1129 2883 1217 2961 dens,
1244 2883 1299 2965 qui

149 2987 256 3051 uoluit
279 2986 445 3051 ostendere
468 3007 535 3051 rem
560 2987 754 3071 singularem
778 2993 853 3073 post
877 3009 946 3056 esse
971 2992 1084 3056 debere
1112 2991 1299 3073 insequente

188 3162 199 3213 1
223 3177 284 3214 cum
302 3162 459 3216 memorasti
480 3161 506 3215 G
560 3161 669 3231 2apud
687 3164 817 3233 populum
833 3165 875 3220 Gb
930 3167 1027 3234 3poct
1044 3166 1111 3221 haec
1130 3168 1255 3235 leguntur
1268 3165 1299 3219 ire

149 3264 165 3300 a
181 3264 208 3315 p.
226 3250 265 3302 52
283 3264 354 3316 quae
367 3249 427 3302 libr.
441 3249 521 3318 IIII,
537 3254 554 3304 7
572 3253 674 3305 omisca
691 3259 758 3306 aaut
774 3254 861 3324 igitur
879 3255 928 3309 filii
947 3255 1208 3310 dei-aestimantur
1225 3257 1298 3310 idola

150 3337 238 3390 uirtus
253 3337 315 3406 (cfr.
323 3355 355 3406 p.
371 3339 429 3402 112,
445 3341 489 3406 14)
581 3339 648 3394 haee
661 3341 691 3394 in
705 3343 837 3413 principio
856 3344 935 3398 initio
954 3345 980 3399 G
1070 3346 1252 3400 distinctionis
1270 3345 1300 3398 B

149 3426 219 3479 male
246 3428 271 3492 (e
297 3443 365 3480 corr.
392 3444 425 3480 ec
450 3445 464 3480 o
487 3428 526 3492 11)
549 3430 710 3484 tractaueris
728 3431 793 3495 RB,
817 3432 872 3487 late
896 3435 930 3486 tr.
955 3433 979 3497 b,
1003 3434 1073 3487 male
1097 3438 1263 3488 tractaueras
1281 3452 1303 3489 c

149 3517 167 3568 4
187 3518 279 3568 tamen
299 3531 350 3570 om.
374 3515 416 3570 Gb
507 3519 523 3571 5
548 3520 576 3570 et
599 3521 777 3590 argumentis]
801 3521 925 3591 lethargo
948 3524 1048 3576 mentis
1074 3523 1174 3590 (locor,
1193 3539 1301 3592 argum.

150 3619 199 3658 our.
221 3603 240 3656 (1
259 3605 321 3670 (ced
338 3604 388 3671 cfr.
407 3605 504 3672 indic.)
561 3607 577 3659 6
595 3608 638 3660 tui
652 3623 703 3661 om.
719 3607 746 3661 G
809 3610 1009 3680 praestringens
1022 3611 1086 3676 RB,
1105 3613 1258 3681 praesciens
1272 3630 1301 3678 c,

149 3695 305 3760 perstruens
325 3691 341 3744 b
397 3694 412 3745 7
432 3694 591 3748 confirmans
609 3696 635 3750 G
689 3696 706 3750 8
725 3697 954 3752 circumcisionem
975 3702 1011 3766 (m
1026 3701 1079 3769 flu.
1099 3702 1150 3756 det.
1170 3720 1203 3756 m.
1224 3703 1253 3772 2)
1271 3702 1297 3756 G

149 3779 222 3833 iacta
236 3780 421 3834 recoluistiB
476 3784 591 3854 9qnod]
606 3784 712 3854 quiaG
768 3787 798 3840 11
814 3788 861 3842 sed
876 3788 947 3842 enim
960 3788 1017 3843 RB
1088 3791 1117 3844 in
1131 3791 1297 3861 processuG

149 3870 178 3921 te
197 3885 248 3922 om.
267 3869 294 3922 B
332 3870 366 3923 12
384 3870 552 3940 baptismata
573 3873 631 3928 Gob
669 3876 704 3927 14
723 3875 787 3945 qnia
806 3876 869 3946 duo]
889 3877 936 3946 qui
955 3877 989 3930 ad
1008 3877 1100 3940 uosB
1137 3880 1169 3933 15
1188 3879 1296 3934 auferrn

150 3955 214 4024 (eie)
234 3956 261 4009 B
318 3959 350 4012 16
370 3962 461 4013 autem
480 3966 506 4015 et
525 3961 672 4016 aduentum
692 3980 743 4018 om.
757 3964 838 4029 Rev,
854 3967 945 4018 antem
964 3982 1015 4020 om.
1036 3966 1051 4019 1
1106 3967 1140 4022 20
1158 3969 1294 4040 prosapia]

148 4088 197 4141 pro
216 4038 351 4142 sepiriptia
371 4074 436 4140 (det.
456 4080 481 4129 et
499 4092 515 4130 a
533 4093 554 4130 o.
576 4077 593 4131 1.
612 4093 662 4132 scr.
682 4097 715 4133 m.
736 4083 768 4148 2)
786 4080 824 4144 11,
842 4098 890 4150 pro
910 4082 1045 4162 sapientia
1062 4082 1106 4136 Bo
1130 4085 1296 4155 (prosapiam

151 4185 252 4256 Goclrt)
327 4192 390 4259 qna]
414 4207 468 4260 qua
491 4192 511 4262 (i
533 4207 555 4246 e.
581 4194 598 4248 1.
622 4211 656 4248 m.
682 4198 712 4262 2)
740 4194 766 4250 G
856 4196 888 4249 21
913 4163 983 4251 tales
1009 4198 1029 4264 (i
1052 4215 1119 4253 corr.
1144 4217 1178 4254 m.
1203 4205 1233 4270 2)
1258 4203 1294 4262 R,

149 4275 219 4329 tales
237 4278 265 4330 B
318 4279 353 4332 23
372 4295 429 4333 rem
448 4280 493 4346 (in
510 4285 581 4348 rae.)
604 4282 638 4346 G,
659 4299 709 4337 om.
722 4285 767 4338 Ro
838 4288 934 4355 postea
954 4286 1051 4341 debere
1071 4305 1129 4342 esse
1145 4289 1179 4353 G,
1198 4295 1294 4359 postea

150 4381 210 4418 esse
221 4366 316 4421 debere
327 4369 343 4421 b
406 4373 538 4440 sequente
547 4371 611 4436 RB,
621 4372 649 4424 in
660 4377 790 4442 sequente
803 4374 845 4429 Gc
916 4375 1077 4446 insequente
1088 4379 1205 4432 ueritate
1216 4395 1266 4433 om.
1278 4380 1293 4434 b
