3148 5020
272 465 292 526 6
601 460 627 512 S.
657 458 797 529 optati
825 458 1057 512 llilcuitani

273 658 442 740 collegium
473 658 651 740 episcopale
679 659 792 722 nolunt
819 657 986 723 nobiscnm
1015 657 1130 721 habere
1155 677 1332 722 commune.
1357 677 1416 721 non

274 765 339 830 sint
372 764 524 847 collegae,
558 765 586 829 si
619 766 749 839 nolunt3
783 768 901 832 tamen.
935 768 972 828 ut
1004 784 1099 847 supra
1133 763 1280 842 diximus,
1309 763 1417 828 iratres

274 874 359 937 sunt.
383 871 480 935 frater
502 891 592 936 mens
616 872 716 956 igitur
738 871 976 941 Pannonianus.
1000 891 1038 935 ne
1062 875 1196 937 uentose
1220 890 1255 934 ac
1279 869 1418 934 nudent

274 979 370 1043 ceteri
394 979 586 1062 loqueretur,
611 978 762 1061 quioquid
787 979 903 1042 sentire
926 979 1043 1060 potuit,
1063 997 1124 1043 non
1144 979 1248 1042 solnm
1269 977 1347 1041 dixit
1365 977 1419 1042 sed

276 1085 373 1150 etiam
396 1085 428 1149 in
454 1086 610 1170 scriptura
629 1085 773 1169 digessit.
799 1085 890 1149 cuius
915 1084 1009 1149 dictis
1033 1104 1106 1149 cum
1129 1084 1318 1168 respondere
1342 1083 1419 1148 ueri·
1443 1099 1478 1144 s·

274 1193 340 1255 tate
366 1194 497 1275 cogente
522 1192 743 1275 conponimur,
768 1191 828 1256 erit
850 1191 932 1255 inter
954 1211 1011 1256 nos
1032 1191 1179 1255 absentes
1198 1190 1419 1273 quoquomodo

276 1289 431 1364 conlatio.¹
450 1299 559 1364 eodem
584 1299 679 1364 modo
708 1299 844 1364 satisfiet
872 1301 904 1362 et
932 1298 1098 1363 desideriis
1126 1297 1316 1382 aliquorum.
1350 1317 1420 1361 nani

277 1425 294 1468 s
317 1406 428 1469 multis
452 1425 546 1488 saepe
570 1406 783 1470 desideratum
809 1409 868 1482 est,
892 1408 929 1468 ut
948 1405 987 1470 ad
1007 1405 1176 1470 eruendam
1194 1405 1364 1469 ueritatem
1383 1405 1420 1466 ab

277 1513 436 1595 aliquibus
465 1512 684 1578 defensoribus
713 1513 853 1596 partium
882 1503 1262 1578 conflictns‘haberetnr.
1297 1515 1329 1576 et
1356 1509 1423 1573 fieri

277 1619 391 1701 potnit.
428 1619 483 1682 sed
513 1619 661 1701 quonism
691 1623 723 1683 et
752 1639 916 1684 accessum
945 1619 1115 1701 prohibent
1143 1622 1175 1683 et
1198 1619 1305 1682 aditus
1328 1619 1422 1682 inter·
1447 1641 1471 1676 xo
1558 1667 1559 1680 .

278 1727 411 1791 cludunt
443 1729 475 1790 et
508 1746 694 1792 consessum
727 1727 833 1791 uitant
865 1731 897 1791 et
930 1727 1132 1809 conloquium
1167 1727 1337 1810 denegant,
1370 1727 1424 1788 nel

276 1835 382 1896 tecum
416 1833 504 1906 mibi,
530 1834 626 1898 frater
652 1834 869 1912 Parmeniane‚
903 1834 946 1898 sit
978 1835 1041 1900 isto
1073 1834 1167 1900 modo
1200 1833 1347 1910 conlatio.
1377 1835 1423 1898 ut.

278 1937 351 2019 quia
374 1943 529 2005 tractatus
553 1943 638 2018 tuoe,
659 1961 738 2022 quos
762 1941 794 2004 in
818 1940 966 2006 manibus
986 1945 1019 2004 et
1036 1941 1069 2004 in
1089 1961 1140 2005 ore
1159 1941 1332 2005 multorum
1354 1959 1425 2003 esse

276 2045 420 2122 uoluisti,
441 2064 503 2108 non
524 2049 710 2127 aspernatus
730 2066 802 2110 sum
823 2065 925 2128 neque
950 2047 1137 2128 contempsi.
1158 2045 1212 2110 sed
1233 2046 1337 2110 omnia
1357 2051 1425 2108 ate

280 2151 364 2215 dicta
374 2152 531 2234 patienter
541 2153 660 2230 audiui,
677 2153 787 2216 audies
807 2156 839 2216 et
858 2156 894 2216 tu
914 2151 1105 2220 humilitatis
1121 2154 1245 2216 nostrae
1263 2171 1425 2234 responsa.
1447 2175 1473 2211 15

324 2259 354 2322 5.
379 2259 461 2322 h'am
486 2263 518 2322 et
541 2279 599 2343 ego
624 2260 777 2343 intellego
802 2263 834 2324 et
857 2263 893 2322 tu
916 2279 978 2324 non
997 2278 1094 2343 negas
1115 2263 1146 2322 et
1165 2259 1270 2340 quinis
1299 2258 1426 2340 sapiens

279 2364 426 2448 peruidet
452 2369 484 2429 te
513 2367 602 2430 nulla
631 2367 693 2431 alia
720 2367 841 2431 ratione
869 2369 936 2430 tam
963 2367 1083 2449 prolixe
1110 2369 1275 2442 tractasse.
1304 2365 1366 2430 nisi
1390 2367 1428 2427 nt

280 2471 449 2536 ecclesiam
484 2473 674 2538 catholicam
707 2473 772 2538 tuis
806 2473 996 2538 tractatibus
1023 2471 1153 2558 indigne
1181 2474 1335 2556 pulsares.
1370 2471 1427 2536 sed

278 2581 316 2641 ut
338 2578 485 2662 intellegi
508 2579 610 2657 datur,
640 2579 728 2645 aliud
754 2581 853 2645 habet
880 2580 1016 2658 animus,
1047 2580 1134 2644 aliud
1162 2581 1289 2645 resonat
1312 2598 1426 2644 senno.

281 2684 416 2766 denique
441 2704 502 2749 non
527 2686 632 2750 omnia
655 2689 687 2750 te
711 2686 805 2752 uideo
830 2687 946 2752 dixisse
970 2690 1078 2751 contra
1097 2687 1303 2751 catholicam:
1327 2687 1428 2748 immo
1449 2706 1474 2742 so

281 2791 383 2854 multa
406 2811 462 2872 pro
489 2792 655 2870 catholica.
682 2811 753 2856 curn
779 2792 955 2858 catholicus
979 2813 1039 2859 non
1065 2793 1120 2870 sis,
1145 2796 1182 2855 ut
1205 2796 1237 2856 et
1260 2792 1350 2856 nobis
1374 2809 1426 2853 ne-

316 2998 332 3050 2
365 3001 428 3052 suut
457 2999 485 3050 Β
558 2999 678 3069 collegae
711 3016 780 3054 corr.
818 3001 907 3054 Cocbl.
939 3017 973 3054 cc
990 3001 1116 3070 colliges
1207 3001 1223 3054 3
1255 3004 1369 3054 neutuse
1391 2998 1428 3052 P.

280 3098 374 3187 usiose
398 3133 424 3200 (n
444 3147 465 3185 s.
493 3131 510 3184 l.
531 3148 565 3185 m.
591 3135 622 3197 2)
642 3132 678 3195 R,
703 3097 826 3196 uiretmc,
847 3135 907 3199 (ceu
926 3149 978 3188 u..
998 3148 1068 3202 rosc)
1088 3132 1124 3195 B,
1154 3149 1214 3186 curn
1245 3132 1430 3201 nequitiosec·

409 3225 431 3254 111
443 3225 487 3255 cole
1011 3223 1017 3254 l

281 3269 312 3319 ut
333 3266 395 3335 cet]
414 3265 510 3319 interri
529 3265 556 3318 Β
628 3267 691 3320 bin
710 3265 871 3319 scribturam
889 3265 918 3319 P
989 3266 1109 3336 degessit
1138 3273 1163 3335 (e
1190 3266 1271 3334 prius
1302 3264 1381 3333 erae.)
1400 3264 1430 3316 Β

280 3357 352 3426 curu]
371 3343 508 3409 nuil'Po
615 3354 792 3418 6absqentes
810 3355 838 3408 Β
912 3372 964 3425 quo
984 3356 1118 3426 quomodo
1137 3356 1164 3408 Β
1264 3354 1429 3422 iconlatiol

281 3445 395 3498 conlatis
425 3461 442 3499 o
474 3447 555 3511 (corr.
585 3444 687 3511 Oochl.)
829 3448 858 3497 et
876 3444 992 3498 satisfiet
1010 3443 1150 3499 desideriis
1169 3445 1201 3498 ob
1316 3446 1344 3497 et
1363 3448 1430 3495 ursle

282 3533 412 3590 desid...
432 3533 531 3587 0ch
586 3536 702 3603 bsaepc
722 3550 772 3586 om.
791 3535 824 3586 ub
898 3533 933 3587 ad
952 3533 1126 3588 erudiendam
1145 3534 1188 3588 Ru
1208 3539 1290 3600 (corr.
1313 3533 1429 3596 Uoclrl).

286 3631 461 3731 erudiendam
471 3667 507 3732 Β,
523 3664 713 3736 exquirendam
726 3665 752 3720 G
806 3669 823 3720 9
836 3670 943 3750 pastum
955 3671 1024 3736 (exp.
1038 3674 1063 3721 et
1077 3668 1156 3736 iufra
1164 3669 1247 3735 posit.
1263 3667 1391 3737 partium)
1402 3665 1431 3716 B

284 3799 317 3853 10
341 3799 511 3853 accessusG
584 3799 741 3854 auditusG
813 3758 991 3866 interiindunt
1009 3803 1036 3854 B
1110 3801 1142 3854 11
1172 3816 1329 3854 consensum
1349 3797 1429 3860 Pico,

283 3904 439 3942 concessum
459 3889 514 3956 (ces
532 3904 591 3956 cop.
606 3904 653 3941 sen
672 3905 810 3956 suprascr.
830 3908 863 3943 m.
884 3891 913 3958 2)
926 3890 962 3947 Β.
982 3905 1138 3943 concessum
1157 3890 1320 3957 (consessum
1339 3887 1358 3939 i.
1377 3903 1429 3955 usp.

284 4036 318 4072 m.
338 4023 367 4087 2)
391 4020 433 4074 Gt
497 4021 531 4075 12
544 3981 619 4074 t'cum
639 4021 666 4074 Β
730 4023 763 4074 13
783 4023 860 4076 tract'
883 4023 907 4076 G
928 4026 1009 4088 (corr.
1030 4023 1061 4076 ic
1079 4039 1129 4092 usq.
1149 4039 1183 4076 ru.
1204 4026 1236 4087 2)
1308 4021 1383 4075 inore
1403 4021 1432 4072 B

287 4109 320 4161 14
340 4125 418 4178 asper
436 4113 517 4162 natus
535 4109 563 4160 Β
682 4111 715 4164 lb
733 4115 826 4165 nostra
845 4112 872 4164 Β
984 4112 1123 4182 respousa]
1144 4111 1208 4166 odd.
1231 4111 1256 4165 G
1275 4111 1328 4164 iam
1347 4125 1431 4180 posco

286 4198 319 4252 17
334 4196 505 4266 peruidetete
519 4197 547 4250 B
655 4199 757 4279 prolixe
770 4198 798 4253 R
881 4201 913 4252 19
934 4204 961 4254 et
980 4201 1054 4256 aliud
1073 4204 1183 4255 resonat
1199 4201 1225 4254 G
1305 4200 1340 4252 20
1356 4199 1432 4252 deni-

286 4303 338 4356 que
365 4287 435 4342 nihil
462 4293 490 4340 te
518 4286 598 4340 uideo
628 4287 726 4340 dixisse
746 4289 780 4350 P,
801 4289 915 4359 denique
944 4292 1053 4345 nomina
1081 4293 1108 4343 ie
1128 4290 1156 4342 R
1237 4307 1290 4343 non
1318 4305 1369 4343 om.
1398 4289 1432 4341 rb

285 4376 447 4430 catholicam
466 4376 545 4429 fidem
567 4375 590 4430 G

1331 4569 1409 4589 Q
