3148 5020
205 381 285 446 VIII
668 379 884 434 Praefatio.

206 585 313 646 torum
347 599 416 647 esse
448 580 591 645 uoluisse
623 581 895 664 (p.6,13).qui
926 581 1000 646 libri
1032 601 1226 666 quamquam
1257 537 1351 651 intor-

210 689 363 767 cidernnt,
401 691 507 753 tamen
545 690 732 772 argumenta
769 706 878 752 eorum
919 689 1069 754 nouimus
1106 709 1163 773 per
1199 689 1352 774 Optatam

208 799 346 881 quinqua
373 794 571 859 Parmenioni
598 794 687 859 locos
716 793 910 858 adferentem
937 792 991 879 (p.
1021 797 1051 874 8,
1076 797 1118 858 22
1142 795 1212 882 sp),
1237 797 1352 880 quibus

206 905 330 968 mutato
364 901 492 985 quidem
526 900 633 966 ordine
667 919 736 975 sese
769 919 994 982 responsurum
1030 921 1099 967 esse
1137 905 1267 969 sanctus
1298 905 1353 969 ille

206 1010 374 1092 profitetur
394 1008 491 1090 idque
512 1026 565 1072 sex
583 1007 663 1071 lacis
683 1025 741 1090 sen
758 1007 849 1071 libris
873 1008 926 1091 (p.
947 1009 978 1088 9,
1000 1007 1063 1092 15).
1083 1011 1222 1074 attamen
1240 1015 1354 1091 septem

207 1116 361 1181 habemus
386 1114 495 1198 Optati
518 1114 617 1178 libros
640 1113 810 1196 ipsumque
833 1113 951 1178 librum
975 1114 1146 1197 septimum
1166 1133 1275 1181 omnes
1290 1117 1354 1182 fere

209 1223 334 1288 codices
365 1223 469 1306 magis
503 1221 651 1286 minusue
681 1221 843 1304 integrum
875 1221 1037 1303 praebent,
1076 1223 1152 1304 quin
1191 1224 1287 1288 etiam
1320 1241 1355 1288 ex

209 1330 355 1396 codicum
384 1327 618 1412 deperditarum
645 1327 782 1406 indiciis,
812 1347 889 1411 quae
922 1328 1061 1411 antiquis
1089 1329 1355 1394 bibliothecarum

209 1436 363 1520 catalogis
396 1435 549 1501 debentur
578 1435 712 1500 -dico
746 1435 924 1517 complures
947 1435 1123 1500 Bobienses
1155 1473 1199 1482 -
1232 1439 1354 1519 septem

209 1544 309 1608 fuisse
333 1541 442 1625 Optati
472 1543 571 1607 libras
605 1542 709 1606 eninci
740 1544 858 1624 potest.
891 1541 923 1604 111
949 1541 1075 1608 (insano
1104 1545 1211 1608 autem
1235 1542 1353 1620 codice,

210 1669 247 1714 ex
270 1668 332 1732 quo
357 1668 419 1713 una
449 1647 545 1714 editio
573 1648 719 1732 princeps
748 1649 905 1731 exscripta
934 1651 993 1727 est,
1018 1649 1174 1732 septimus
1197 1649 1253 1714 ille
1275 1649 1356 1713 liber

134 1748 136 1752 ’
209 1775 338 1838 prorsus
372 1740 577 1822 desideratur.
611 1774 665 1820 sex
696 1756 822 1819 tantum
853 1754 943 1820 libris
976 1755 1051 1838 quin
1086 1755 1222 1839 Optatus
1254 1755 1356 1840 primo

210 1865 364 1938 tractatus
396 1861 448 1926 sui
478 1860 610 1925 modum
640 1860 868 1938 terminauerit,
892 1859 946 1924 uix
969 1863 1019 1924 est
1052 1860 1260 1925 dubitandum
1284 1879 1356 1924 cum

213 1968 364 2051 exipsius
380 1987 459 2051 quae
475 1966 757 2032 diciturlibrarum
772 1967 940 2050 partitione
964 1965 1016 2052 (p.
1036 1968 1067 2046 9,
1089 1965 1211 2053 7-16)
1230 1978 1301 2030 tum
1321 1986 1357 2030 ex

211 2075 396 2158 Hieronymi
427 2073 610 2138 testimonia
636 2093 660 2138 a.
685 2074 719 2152 l.,
743 2073 776 2136 in
800 2093 862 2155 quo
895 2091 1004 2138 omnes
1038 2074 1163 2138 codices
1195 2076 1357 2138 uetustate

213 2181 318 2244 eximii
332 2181 387 2259 Vl,
401 2199 484 2244 unns
502 2182 627 2243 tantum
639 2177 819 2244 Oasinensis
835 2199 860 2244 s.
871 2180 917 2244 IX
927 2180 1105 2263 adscriptus
1116 2180 1177 2245 VII
1186 2180 1285 2245 libros
1297 2179 1357 2262 Op·

211 2285 1358 2371 tatiindicant,quodloh.HaemorHieronymilibrumdenuorecogni·

212 2396 303 2458 turns
317 2391 611 2459 beniuolentissime
630 2411 756 2457 mecum
771 2393 1028 2458 communicarit.
1041 2394 1148 2476 itaque
1163 2412 1225 2459 non
1240 2395 1355 2458 mirum

212 2501 314 2564 uideri
336 2503 453 2583 potest,
473 2498 558 2582 qnod
576 2499 759 2582 grauissimi
778 2517 923 2566 censores
943 2500 1027 2565 1111111
1045 2501 1162 2565 librum
1179 2502 1218 2565 ab
1239 2499 1355 2582 Optato

213 2607 392 2671 abiudicare
415 2625 477 2671 non
501 2605 697 2683 dubitabant,
720 2606 907 2688 praesertim
935 2625 1009 2670 cnm
1035 2607 1117 2670 liber
1140 2609 1247 2671 sextus
1270 2625 1355 2689 prae-

214 2714 410 2778 stantissima
431 2714 488 2796 illa
510 2713 647 2797 imagine
673 2712 710 2778 de
735 2713 871 2796 aucupio
896 2712 1081 2796 deprompta
1105 2731 1178 2778 cum
1203 2713 1356 2797 dignitate

214 2819 349 2902 quadarn
374 2823 467 2901 atque
492 2819 700 2902 amplitudine
724 2819 919 2897 terminetur,
944 2819 1100 2900 septimus
1124 2839 1199 2885 nera
1224 2823 1359 2901 quaest

213 2927 404 3010 proprietate
427 2926 507 2990 nihil
529 2926 594 2989 fere
618 2925 705 3002 noui,
728 2926 880 2990 nonnulla
906 2927 960 2989 nel
984 2925 1109 2990 diuersa
1132 2945 1150 2989 a
1171 2925 1358 3009 praeceden-

213 3033 300 3097 tibus
334 3033 454 3098 adferat
485 3051 587 3114 neque
621 3032 660 3097 ad
692 3032 786 3096 finem
818 3031 991 3114 perductus
1016 3032 1059 3096 sit
1083 3032 1188 3114 aliqua
1211 3051 1247 3095 er
1270 3033 1369 3114 parto
1419 3074 1422 3080 ,

213 3140 420 3223 probabilem.
445 3139 650 3204 nihilominus
671 3159 732 3204 non
753 3141 811 3217 est,
832 3138 1107 3221 quodseptimnm
1126 3139 1219 3202 illum
1242 3137 1358 3202 librum

214 3247 341 3311 falsario
357 3245 493 3320 cuidam,
507 3245 541 3308 id
555 3244 640 3326 qnod
653 3245 814 3309 nonnullis
827 3245 958 3326 placuit,
969 3244 1157 3319 tribuamus,
1169 3244 1268 3308 immo
1283 3262 1357 3307 uero

216 3357 248 3418 et
263 3353 387 3419 dicendi
401 3371 500 3437 genus
520 3353 553 3415 et
571 3351 797 3416 sententiarum
816 3351 897 3416 ratio
918 3351 957 3415 ad
976 3350 1112 3415 eundem
1130 3369 1187 3415 nos
1211 3367 1359 3414 reuocare

214 3460 362 3525 uidentur
376 3461 570 3543 scriptorem.
591 3458 692 3540 primo
707 3478 769 3522 non
785 3457 880 3522 nimis
892 3456 1058 3541 grauitatis
1068 3457 1184 3522 habore
1199 3459 1277 3538 puto
1292 3475 1359 3539 par-

84 3575 86 3579 ’
215 3567 361 3631 titionem
384 3567 472 3632 illam
495 3566 527 3628 in
551 3565 630 3630 libro
654 3565 754 3647 prima
780 3567 949 3629 seruatam.
973 3568 1010 3627 nt
1033 3564 1179 3629 amittam
1208 3560 1360 3646 Optatam

216 3675 327 3758 prima,
353 3673 501 3750 secundo,
530 3673 623 3737 tertia
656 3673 750 3750 loeo,
780 3691 841 3736 non
869 3671 950 3735 libro
978 3669 1178 3734 Parmenioni
1204 3671 1359 3733 tractatus

216 3783 477 3866 impugnaturum
510 3799 579 3844 esse
611 3779 749 3862 profiteri
774 3777 843 3864 (cfr.
869 3780 899 3856 9,
926 3780 944 3842 7
968 3799 1029 3858 spa
1062 3777 1251 3860 procedente
1286 3795 1359 3841 sane

217 3890 345 3973 quidem
370 3907 461 3970 opere
486 3887 525 3950 ad
548 3887 650 3969 priora
668 3887 840 3969 respiciens
860 3877 985 3969 semper
1008 3885 1056 3962 ,in
1076 3885 1176 3967 prima
1260 3884 1359 3948 libra

217 3991 355 4083 (libello)
378 3993 602 4076 probauimus“
623 3994 676 4056 uel
694 3994 759 4057 tale
779 3991 900 4074 aliquid
919 3991 997 4055 dicit
1014 4029 1059 4038 —
1077 3991 1134 4071 cfr.
1154 3993 1207 4068 45,
1229 3992 1285 4066 21;
1306 3991 1359 4066 48,

218 4105 252 4180 5;
287 4103 339 4181 67,
365 4103 399 4178 2;
435 4102 510 4178 169,
545 4101 574 4162 2.
600 4099 630 4177 3,
663 4098 807 4180 inprimis
841 4099 915 4176 118,
952 4099 1049 4173 2-5,
1083 4115 1185 4180 neque
1219 4115 1288 4160 raro
1323 4095 1361 4158 ad
1469 4150 1472 4153 .

219 4208 383 4291 sequentia
405 4210 534 4284 reuocat
556 4205 677 4304 libras
696 4204 838 4270 indicans
861 4204 916 4284 IV,
941 4203 981 4283 V,
1005 4204 1060 4268 Vl.
1086 4203 1141 4286 cfr.
1168 4206 1198 4281 8,
1225 4203 1281 4278 19;
1308 4204 1360 4278 66,

220 4318 275 4392 16;
310 4316 362 4393 92,
393 4313 441 4400 2);
460 4332 543 4377 num
574 4331 706 4376 necesse
730 4315 779 4376 est
802 4330 917 4394 ponere
943 4309 1095 4394 Optatam
1119 4311 1182 4375 iarn
1207 4311 1245 4374 ab
1269 4310 1361 4375 initio
