3064 5010
430 385 434 390 ⁵
540 406 657 460 Liber
685 409 827 468 sextus,
857 424 878 459 c.
907 408 932 459 4.
1233 409 1294 470 151

151 609 222 668 rant
245 605 411 668 uoluntate
436 607 468 666 et
489 603 686 684 professione
711 621 782 676 sua;
812 604 845 666 et
871 604 908 665 ut
937 601 1151 666 saecularibus
1175 601 1296 684 nuptiis

151 731 184 776 se
204 711 403 776 renuntiasse
423 712 635 775 monstrarent
650 713 682 774 et
695 710 820 773 iunctas
840 708 975 791 spiritali
994 727 1120 791 sponso,
1137 709 1298 772 coluerant

150 818 283 882 crinem:
298 818 362 881 iam
382 817 535 882 caelestes
555 817 791 881 celebrauerant
808 815 946 898 nuptias.
971 815 1047 896 quid
1066 817 1124 892 est,
1141 813 1224 895 quod
1244 833 1296 877 eas

150 925 265 988 iterum
282 924 382 988 crines
399 924 521 988 soluere
537 923 709 1007 coegistis?
727 919 813 1005 quid,
828 922 967 1004 inquam,
988 921 1072 1003 quod
1091 922 1129 985 ab
1144 921 1223 1003 ipsis
1242 939 1297 1002 per

120 1051 133 1088 e
149 1051 209 1095 uos
226 1033 334 1095 oracta
345 1033 394 1094 est
404 1030 544 1094 secunda
553 1030 729 1113 professio?
745 1029 816 1111 quis
828 1032 877 1093 est
887 1029 966 1092 alter
980 1028 1132 1111 spiritalis
1149 1047 1295 1110 sponsus,

150 1139 202 1202 oui
226 1138 341 1201 iterum
366 1137 541 1201 nuberent?
570 1137 694 1219 quando
723 1140 868 1202 mortuus
893 1138 951 1213 est,
981 1135 1033 1199 oui
1056 1137 1236 1218 nupserant,
1261 1138 1297 1197 ut

149 1245 266 1308 iterum
291 1245 433 1309 nubant?
467 1244 612 1308 nudastis
637 1244 739 1308 denuo
764 1244 867 1327 capita
890 1244 953 1307 iam
977 1243 1094 1321 uelata,
1120 1242 1157 1306 de
1182 1243 1296 1324 quibus

148 1352 357 1435 professionis
396 1351 576 1415 detraxistis
617 1351 744 1428 indicia,
787 1370 866 1433 quae
908 1354 1017 1415 contra
1057 1353 1198 1432 raptores
1242 1354 1296 1413 aut

149 1459 302 1541 petitores
325 1457 477 1570 uidentur
499 1457 639 1521 inuenta.
668 1457 700 1520 in
724 1456 846 1520 mitella
869 1451 1021 1521 indicium
1042 1460 1091 1520 est
1110 1457 1295 1534 uoluntatis,

109 1581 132 1620 10
148 1585 210 1630 non
244 1565 402 1630 castitatis
435 1565 600 1632 auxilium:
633 1566 670 1627 ut
691 1584 759 1628 rem
789 1565 852 1627 iam
882 1564 939 1627 deo
968 1564 1117 1628 deuotam
1145 1582 1213 1639 nec,
1243 1565 1297 1646 qui

150 1674 333 1755 sponsabat,
365 1675 548 1756 perseueret
578 1675 685 1754 petere
718 1676 773 1736 aut
805 1692 843 1736 ue
876 1677 983 1753 raptor
1016 1671 1131 1735 audeat
1166 1671 1295 1736 uiolare.

150 1779 278 1863 signum
312 1782 362 1844 est
393 1799 478 1863 ergo,
512 1799 573 1845 non
607 1783 850 1844 sacramentum.
879 1778 1047 1842 inuenietis
1075 1777 1174 1862 igitur
1200 1778 1296 1842 huius

150 1885 235 1949 modi
259 1885 410 1969 uirgines,
435 1905 513 1968 quae
536 1885 597 1948 iam
624 1885 810 1968 spiritaliter
832 1887 1013 1967 nupserant,
1038 1904 1116 1966 quas
1141 1885 1296 1949 secundas

151 1992 301 2076 coegistis
321 1993 361 2056 ad
379 1993 518 2075 nuptias,
538 1994 571 2055 et
588 1994 625 2055 ut
644 1993 745 2056 crines
769 1992 885 2056 iterum
909 1992 1079 2068 abluerent,
1103 1992 1296 2073 imperastis.

109 2113 133 2153 1⁵
150 2098 209 2162 hoc
227 2119 286 2164 neo
309 2099 458 2164 mulieres
480 2100 653 2181 patiuntur,
678 2119 759 2181 quae
783 2099 949 2163 carnaliter
971 2099 1104 2162 nubunt.
1125 2099 1296 2180 exquibus

152 2205 177 2268 si
202 2206 297 2269 alicui
315 2206 466 2269 maritum
485 2209 559 2288 post
577 2206 770 2270 matrimonii
789 2206 957 2269 orbitatem
975 2208 1097 2269 mutare
1118 2206 1295 2288 contigerit,

151 2331 211 2376 non
235 2312 389 2394 repetitur
411 2312 595 2394 temporalis
618 2313 675 2376 illa
697 2312 869 2390 lestiuitas
894 2332 955 2377 non
979 2312 1011 2375 in
1036 2315 1137 2376 altum
1160 2313 1294 2390 tollitur,

149 2434 211 2482 non
235 2419 346 2502 populi
369 2419 547 2502 frequentia
564 2422 759 2502 procuratur.
779 2419 965 2484 detraxistis
984 2420 1082 2503 igitur
1100 2439 1162 2483 non
1183 2420 1295 2503 capitis

153 2528 343 2603 ornamenta,
368 2527 434 2604 sed,
459 2530 495 2589 ut
519 2545 614 2608 supra
638 2525 784 2604 diximus,
804 2527 944 2591 melioris
968 2527 1145 2592 uoluntatis
1168 2527 1293 2593 indicia.

187 2763 198 2813 1
224 2761 279 2814 iam
307 2761 450 2831 uoluntate
473 2761 501 2815 Β
592 2779 622 2815 ex
650 2762 817 2832 professione
841 2779 857 2815 o
948 2767 996 2828 tua
1019 2766 1042 2834 (s
1065 2779 1086 2818 e.
1112 2765 1128 2818 l.
1153 2780 1188 2816 m.
1213 2768 1242 2831 2)
1267 2763 1295 2818 Β

150 2852 165 2902 2
184 2853 348 2904 monstraret
359 2851 394 2913 R,
414 2854 563 2906 monstrare
578 2852 606 2903 B
669 2854 697 2904 et
715 2852 835 2905 iunctam
856 2853 920 2920 (etc)
940 2854 975 2919 B,
994 2855 1012 2906 a'.
1032 2870 1082 2922 mp.
1100 2853 1163 2921 adp.
1177 2869 1211 2907 m.
1227 2853 1294 2919 212,

147 2981 198 3019 om.
217 2964 309 3029 oeae,
326 2968 354 3020 et
367 2966 473 3020 iunctas
489 2967 508 3020 d
561 2968 577 3020 3
598 2933 701 3052 erili-reii-¹
718 2970 800 3034 (corr.
820 2984 854 3021 m.
874 2971 906 3035 2)
926 2968 954 3022 Β
1027 2969 1140 3037 crinem]
1158 2972 1259 3022 temere
1278 2986 1294 3021 o

150 3100 228 3164 (corr.
251 3099 341 3155 Ooebl.
363 3101 459 3167 crines)
550 3102 660 3170 nuptias
680 3101 777 3154 celebr.
800 3101 851 3155 CG
922 3102 981 3155 4&
1003 3103 1036 3154 14
1055 3068 1167 3172 edgistis
1188 3106 1214 3168 (e
1233 3120 1254 3155 s.
1276 3103 1292 3157 l.

147 3205 180 3240 m.
199 3193 224 3255 1)
246 3189 274 3240 B
328 3187 494 3258 bprofessio
514 3190 632 3244 secunda
649 3190 682 3243 ob
756 3194 798 3243 est
811 3196 878 3258 poet
890 3191 950 3259 quis
965 3207 1015 3244 om.
1034 3190 1060 3244 G
1114 3191 1293 3245 dessonare
1381 3245 1389 3260 ,

148 3275 284 3328 7nudatis
305 3275 354 3329 OG
391 3276 677 3344 9mitellam(aic)1t,
693 3277 864 3330 mitellamB
918 3282 961 3331 est
974 3294 1025 3332 om.
1038 3278 1059 3328 C
1062 3279 1087 3332 G
1141 3280 1292 3332 uoluntatis

148 3365 175 3432 (n
192 3365 224 3417 tn
241 3365 310 3450 rac.)
334 3365 357 3420 0
447 3366 480 3419 10
498 3366 627 3419 auxilinm
652 3369 693 3419 est
715 3366 764 3420 OG
855 3370 945 3432 utrum
969 3384 1025 3420 rern
1050 3367 1114 3434 (sic)
1133 3367 1169 3430 R,
1195 3385 1245 3422 om.
1265 3371 1292 3423 Β

146 3497 204 3553 iam¹
219 3467 283 3563 druria
305 3500 330 3564 (d
350 3515 372 3553 s.
392 3499 410 3551 l.
429 3515 463 3551 m.
485 3500 510 3564 1)
530 3499 558 3552 R
631 3497 757 3552 deuotam
778 3465 891 3568 anoequis
912 3501 953 3569 (ec
971 3515 992 3552 s.
1014 3500 1031 3553 l.
1052 3507 1077 3553 et
1092 3508 1194 3569 pareclo
1210 3504 1290 3559 adel.

146 3601 177 3638 m.
198 3589 227 3654 2)
248 3586 277 3640 Β
340 3589 371 3639 nt
390 3602 450 3639 curn
468 3586 521 3638 iam
541 3585 605 3638 dum
623 3585 751 3639 deuotam
771 3603 804 3638 an
825 3587 919 3655 quise
940 3586 1042 3653 (Cocbl.
1063 3589 1161 3641 coaice.
1181 3592 1212 3642 ut
1232 3607 1290 3643 earn

145 3675 197 3728 iarn
217 3675 281 3728 dum
302 3674 429 3728 deuotam
451 3675 562 3743 nequi)
653 3692 702 3728 nec
722 3676 782 3744 quis
801 3675 837 3738 B,
857 3691 890 3728 ne
916 3675 996 3744 quib
1090 3678 1121 3728 11
1142 3678 1291 3748 sponsabat

145 3766 282 3833 repeteret
300 3767 348 3817 aut
369 3762 419 3816 OG
491 3763 594 3816 uiolare
613 3763 726 3816 auderet
748 3763 798 3816 OG
858 3764 891 3816 12
910 3780 964 3816 non
983 3768 1180 3818 sacramentum
1199 3767 1288 3821 innon.

145 3852 229 3921 igitur
248 3869 299 3906 om.
322 3851 349 3906 G
438 3856 633 3905 sacramentum
658 3852 836 3922 uirginitatis
860 3853 949 3920 Igitur
968 3853 1038 3906 corel.
1058 3853 1133 3922 Dap,
1226 3872 1289 3924 ergo

145 3941 299 3994 huiusmodi
321 3941 345 3995 0
433 3942 466 3994 13
491 3943 568 4011 quasi
592 3942 723 3995 secundas
747 3943 809 4012 (que
833 3945 856 3996 si
880 3960 931 3996 sec.
951 3945 987 4011 B)
1010 3945 1081 4006 libri,
1103 3960 1168 4011 quas
1191 3946 1290 4012 compsi

146 4029 290 4084 secundos
356 4031 389 4084 14
408 4030 435 4083 in
455 4033 564 4099 nuptias
583 4031 633 4084 OG
706 4021 733 4084 et
752 4049 802 4086 om.
816 4033 904 4087 RBob
988 4035 1020 4086 16
1039 4034 1165 4086 maritnrn
1189 4017 1293 4086 moritu·

145 4111 226 4199 marii
247 4145 312 4212 (aa)
332 4145 367 4211 Β,
386 4150 448 4215 post
466 4163 501 4198 m.
517 4146 662 4199 orbitatem
681 4163 732 4200 om.
751 4147 839 4202 nnec
934 4147 1050 4201 orbitate
1072 4148 1098 4201 e
1189 4149 1221 4202 rr
1241 4150 1289 4202 rna

145 4235 302 4306 temporalis
325 4236 357 4289 ub
450 4238 482 4290 19
505 4236 624 4289 melioris
651 4235 701 4289 OG
730 4240 794 4304 (cfr.
822 4253 910 4305 supro
933 4238 954 4290 I
976 4237 1036 4292 Cor.
1064 4242 1088 4302 7,
1115 4240 1175 4304 38),
1201 4238 1288 4292 bonae

145 4324 294 4376 uoluntatis
313 4324 400 4377 RBob
