3148 5020
549 412 666 467 Liber
691 411 895 478 secundus,
925 429 946 466 c.
977 414 1000 466 1.
1145 405 1148 412 ’
1299 417 1341 479 35
1424 482 1427 488 ,

187 609 276 674 XCV
295 610 438 692 psalmo:
472 611 623 673 cantate
648 595 796 673 domino
822 607 1011 672 canticum
1035 626 1183 672 nouum.
1209 608 1238 673 si
1256 608 1341 671 hunc

187 735 320 780 uersum
345 716 450 781 solum
475 715 603 794 diceret,
622 715 762 799 possetis
782 713 896 793 dicere,
917 714 991 796 quie
1009 727 1069 780 dos
1089 715 1175 780 solos
1194 715 1340 780 hortatus

189 825 240 886 est
264 823 394 906 spiritus
419 825 559 888 sanctus.
585 822 642 887 sed
665 825 703 886 ut
726 822 917 900 ostenderet,
942 821 1018 903 quia
1040 841 1102 887 non
1123 823 1162 886 ed
1179 842 1239 888 uos
1255 823 1340 888 solos

188 929 314 994 dictum
343 933 393 994 est
422 928 479 995 sed
507 929 547 992 ed
575 929 754 1007 ecclesium,
785 947 865 1011 quoe
881 929 1012 1011 'ubique
1042 931 1101 1007 est,
1132 932 1262 995 secutus
1292 932 1342 993 est

152 1038 319 1103 edicens:
344 1039 496 1102 66111616
521 1037 670 1103 domino
696 1036 816 1101 omnis
840 1039 950 1115 terre,
970 1036 1218 1118 pronuntiate
1236 1036 1339 1100 inter

188 1148 325 1229 gentes
351 1144 512 1228 gloriam
536 1143 677 1225 ipsius,
701 1143 739 1206 in
763 1143 938 1207 omuibus
965 1142 1120 1226 populis
1147 1143 1341 1208 mirabilia

188 1251 285 1316 eius.
310 1251 569 1334 pronuntiate,
592 1250 707 1332 inquit,
731 1249 832 1313 inter
855 1251 1000 1332 gentes,
1025 1269 1086 1313 non
1112 1249 1190 1312 dixit
1211 1250 1252 1327 ,in
1272 1269 1340 1333 per-

187 1359 290 1423 ticule
306 1358 441 1437 Africae,
466 1357 521 1422 ubi
545 1377 604 1422 uos
629 1356 727 1433 estis',
746 1355 1002 1439 pronuntiate,
1027 1355 1141 1438 inquit,
1165 1356 1202 1419 in
1224 1357 1339 1422 omni-

186 1466 257 1530 bus
281 1464 449 1548 populis3
475 1464 529 1547 qui
553 1483 662 1529 omnes
686 1463 822 1546 populos
847 1463 935 1540 dixit,
961 1462 1119 1526 neminem
1144 1461 1279 1542 excepit,
1305 1465 1338 1526 61

128 1597 163 1634 ro
187 1591 248 1636 uos
273 1571 359 1636 solos
384 1571 423 1634 eb
449 1570 596 1636 omnibus
620 1570 759 1654 populis,
784 1570 822 1634 de
847 1569 962 1651 quibus
985 1569 1047 1633 hoo
1070 1568 1256 1632 mandatum
1281 1572 1340 1646 est,

188 1679 352 1760 separatos
386 1696 456 1742 csse
489 1676 694 1760 gratulemini
722 1679 755 1740 et
782 1675 883 1740 uultis
911 1695 971 1742 uos
1000 1676 1086 1740 solos
1121 1694 1190 1740 esse
1223 1678 1339 1754 toturn,

188 1784 304 1864 quiin
333 1782 419 1847 omni
450 1786 519 1848 toto
553 1803 614 1848 non
649 1783 736 1850 estis.
771 1781 1019 1861 laudandum,
1052 1781 1171 1864 inquit,
1206 1801 1339 1847 nomen

188 1890 330 1956 domini
354 1892 390 1954 61
414 1892 536 1954 61616
559 1893 660 1954 16116
683 1892 720 1954 61
744 1891 785 1954 ab
811 1893 897 1955 ortu
921 1889 1016 1954 solis
1036 1907 1154 1971 usque
1174 1888 1340 1953 edocca-

188 2017 278 2062 sum.
312 1997 467 2080 numquid
494 1997 612 2082 pagani
645 1997 852 2080 extralegales
880 1999 1017 2080 possunt
1045 1998 1100 2060 eut
1128 1998 1254 2060 cantore
1280 1995 1338 2060 deo

131 2131 163 2171 15
187 2107 244 2168 aut
266 2105 396 2170 laudere
420 2125 535 2170 nomen
560 2105 681 2170 domini
701 2107 733 2168 et
755 2123 817 2169 non
842 2105 911 2170 6616
934 2103 1079 2180 66616616,
1105 2122 1184 2184 qnae
1208 2103 1240 2166 in
1264 2103 1337 2186 lege

188 2213 263 2275 est?
298 2230 395 2293 quem
423 2212 451 2276 si
478 2211 565 2294 apud
592 2229 651 2276 uos
680 2210 903 2275 tantummodo
933 2229 1004 2274 esse
1034 2209 1150 2287 dicitis,
1184 2208 1338 2272 fraudetis

189 2336 282 2382 eures
302 2318 362 2384 dei.
388 2319 416 2383 si
438 2338 498 2384 uos
523 2318 584 2383 soli
607 2317 757 2397 laudetis,
782 2320 872 2382 totus
896 2317 1016 2382 tacebit
1040 2316 1134 2394 orbis,
1156 2315 1211 2396 qui
1230 2318 1280 2379 est
1299 2315 1337 2378 ab

189 2427 261 2489 ortu
285 2425 363 2490 solis
386 2445 488 2507 nsque
512 2424 552 2489 ed
576 2444 735 2490 occasum.
765 2424 927 2490 clausistis
952 2443 1006 2489 ore
1029 2424 1170 2489 omniurn
1195 2422 1338 2486 christie-

187 2551 300 2595 narnm
329 2532 483 2615 gentium,
511 2531 671 2596 indixistis
701 2531 865 2596 silentium
892 2531 1020 2614 populis
1048 2529 1208 2594 uniuersis
1238 2529 1335 2593 deum

128 2669 161 2708 66
186 2657 243 2719 per
259 2641 432 2718 ¹momente
458 2639 586 2727 laudere
615 2638 829 2721 cupientibus.
861 2639 961 2722 igitur
989 2639 1016 2702 si
1045 2640 1077 2701 61
1105 2636 1184 2700 deus
1214 2635 1336 2700 debitas

168 2744 246 2840 'sibi
274 2745 387 2809 laudes
416 2747 569 2828 expectet,
599 2747 632 2809 et
658 2748 696 2808 ut
725 2747 848 2824 sonent,
878 2745 1009 2828 spiritus
1039 2746 1169 2808 sanctus
1193 2742 1338 2808 hortetur
1406 2751 1407 2754 ’

275 2954 287 3005 1
309 2952 354 3006 Ρ6.
373 2952 417 3016 95,
438 2941 452 3006 1
509 2952 526 3005 5
544 2953 588 3005 Ps.
609 2951 653 3019 95,
675 2953 743 3006 1-3
801 2953 833 3006 12
851 2953 896 3006 Ρ6.
919 2953 978 3016 112,
999 2954 1014 3006 3

221 3080 232 3131 1
245 3077 422 3145 nonagesimo
433 3081 461 3131 et
475 3079 569 3147 quinto
582 3077 609 3132 G
663 3078 679 3130 2
694 3079 813 3148 uersum]
831 3078 944 3132 uerbunr
957 3077 984 3132 G
1026 3059 1027 3064 Ἰ
1050 3078 1162 3146 diceret]
1175 3081 1337 3144 repetuntur

181 3168 212 3219 c'rr
225 3166 251 3220 G
268 3166 356 3220 uerba
378 3170 486 3220 cantate
510 3165 618 3220 domino
639 3167 771 3221 canticum
790 3184 891 3220 nouum
976 3168 1103 3236 possetis]
1122 3164 1282 3235 potuissetis
1306 3163 1332 3218 G

180 3254 307 3308 1166161116
326 3255 355 3307 Β
409 3256 425 3308 3
448 3256 615 3326 ostenderet]
637 3262 797 3324 repetuntur
819 3257 905 3310 66116
923 3257 955 3310 irc
972 3256 1000 3308 Β
1019 3257 1042 3309 61
1060 3256 1131 3308 huno
1150 3271 1294 3308 66166111..
1308 3294 1333 3306 ..

180 3344 306 3397 hortatus
322 3346 347 3411 (r
361 3360 428 3399 corr.
445 3361 477 3398 66
489 3362 501 3398 6
514 3345 669 3412 6666161666)
682 3388 688 3398 .
700 3387 706 3399 .
719 3346 873 3400 6616116161
886 3409 887 3412 ¹
953 3345 1028 3417 quia]
1043 3345 1089 3414 qui
1098 3344 1126 3396 Β
1181 3345 1197 3395 5
1213 3341 1331 3410 domino]

180 3431 231 3485 deo
259 3431 286 3486 G
357 3434 506 3502 pronuncio
534 3434 593 3501 (616)
623 3434 650 3487 Β
722 3435 793 3487 inter
812 3439 908 3503 gentes
933 3433 988 3488 PG
1012 3432 1098 3501 (qood
1116 3429 1251 3486 6611666111
1271 3445 1331 3482 cum

182 3521 329 3590 Uulpata),
349 3522 377 3574 in
397 3521 523 3591 gentibus
541 3523 611 3586 Res,
629 3523 788 3592 ingentibus
806 3523 834 3577 B
931 3525 946 3577 7
967 3524 1035 3592 eius]
1054 3522 1140 3592 ipsius
1162 3520 1188 3574 G
1287 3521 1330 3572 in-

180 3609 248 3678 quid
312 3611 360 3673 (stc
383 3615 409 3664 61
425 3615 534 3679 posteo)
644 3613 716 3666 inter
744 3616 840 3682 gentes
868 3612 924 3667 PG
951 3615 993 3679 (61
1022 3612 1041 3664 l.
1059 3611 1150 3686 Qin
1179 3611 1276 3679 gentes
1297 3609 1333 3670 R,

179 3699 341 3766 (66616661.)
361 3700 389 3752 Β
478 3700 578 3755 dicito
646 3686 935 3754 ἶῗιᾞῖηἶῐιῖηῗῐ)Μ
945 3700 978 3753 10
999 3700 1042 3769 de]
1063 3716 1076 3752 e
1095 3699 1123 3752 P
1190 3699 1219 3751 11
1242 3713 1329 3766 seper.

180 3803 230 3839 uos
260 3803 318 3840 esse
346 3788 435 3842 RBob
508 3789 579 3843 solos
607 3806 656 3842 uos
686 3787 713 3843 G
798 3789 830 3842 12
861 3789 907 3859 qui
936 3789 1044 3854 omnino
1073 3788 1102 3840 in
1128 3789 1188 3840 toto
1218 3785 1277 3853 (616)
1306 3785 1331 3838 G

179 3875 347 3930 leudendum
366 3877 424 3948 (616)
439 3878 466 3930 Β
573 3894 671 3931 nornen
691 3877 761 3931 dom.
781 3878 872 3947 inquit
890 3879 917 3931 B
1009 3878 1042 3931 13
1061 3893 1077 3930 6
1096 3877 1127 3946 (s.
1153 3875 1169 3929 l.
1194 3891 1229 3927 66.
1254 3877 1284 3938 2)
1309 3874 1336 3926 Β

180 3963 280 4018 abortu
308 3966 331 4034 (r
360 3981 428 4020 corr.
458 3983 490 4020 erc
518 3966 540 4036 s)
569 3966 596 4018 Β
668 3965 712 4035 ed]
741 3967 770 4019 in
801 3965 827 4021 G
901 3968 934 4020 14
963 3969 1038 4020 extra
1065 3965 1142 4034 leger
1170 3963 1196 4018 G
1287 3966 1335 4015 aut

178 4069 232 4106 om.
261 4053 333 4108 RBo
427 4056 459 4108 15
487 4072 586 4109 nomen
615 4055 658 4109 dei
685 4055 729 4110 Re
821 4056 854 4110 16
887 4055 919 4126 si]
952 4055 1006 4108 nisi
1037 4070 1053 4108 6
1149 4068 1207 4106 6666
1237 4068 1288 4106 om.
1318 4069 1334 4105 6

180 4168 306 4238 171611]
336 4168 390 4222 sibi
417 4170 444 4223 B
535 4171 607 4225 orbis
634 4170 738 4225 tacebit
765 4171 792 4223 Β
853 4171 887 4224 18
915 4135 1122 4223 christianorum
1151 4169 1178 4234 (a
1205 4184 1227 4222 s.
1257 4167 1274 4221 l.
1299 4184 1334 4220 61.

180 4257 485 4324 6)]1,611116116161611
499 4258 557 4314 BG
613 4261 645 4314 19
659 4260 750 4329 deum]
764 4259 940 4314 dominumG
995 4259 1029 4312 20
1047 4257 1148 4328 [igitur
1166 4257 1189 4310 si
1208 4258 1236 4310 P
1307 4258 1348 4330 et·

178 4361 232 4399 om.
252 4345 308 4399 PG
382 4345 474 4400 debita
493 4347 521 4400 B
575 4347 608 4401 21
628 4348 754 4401 1166161111
771 4348 799 4399 Β

1225 4451 1256 4502 3*
