3148 5020
278 415 414 533 XXXVI
749 467 964 524 Praefatio.

279 661 446 727 Remensis
481 663 666 746 scripturas,
698 680 777 746 quas
810 663 934 729 uncinis
967 664 1094 742 inclusi,
1143 665 1332 732 concordare
1368 687 1425 732 non

279 767 459 853 negandum
492 772 551 846 est,
580 770 687 834 tamen
719 769 754 834 hi
785 770 848 836 loci
876 789 1008 836 numero
1045 771 1130 836 haud
1166 771 1331 838 inferiores
1367 792 1425 838 non

280 893 350 939 444
378 875 446 940 uim
473 876 589 941 habere
621 875 782 956 uidentur,
815 881 853 942 ut
890 877 1010 961 aliquid
1048 877 1165 944 addant
1201 879 1285 944 lanai
1322 882 1427 946 contra

280 981 467 1047 affinitatem
485 981 575 1048 illam
593 983 741 1067 positam,
766 1002 847 1066 quae
866 983 1034 1050 intercedit
1051 986 1134 1052 inter
1151 987 1177 1051 P
1197 989 1229 1052 et
1248 985 1286 1054 G.
1311 985 1425 1051 etenim

278 1089 373 1172 longe
395 1088 569 1153 marimum
592 1107 760 1154 numerum
785 1089 928 1155 efficiunt
952 1091 1048 1156 uerba
1070 1091 1104 1156 in
1128 1090 1158 1157 G
1180 1090 1298 1171 addita,
1323 1091 1356 1157 in
1378 1091 1425 1156 his

279 1194 467 1278 saepissime
482 1194 564 1260 illud
583 1199 621 1270 et,
640 1197 694 1260 uel
712 1196 915 1279 transposita,
936 1200 968 1261 et
996 1216 1076 1280 quae
1096 1197 1237 1280 alioquin
1257 1199 1428 1264 offeruntur

281 1300 522 1385 discrepantiae,
551 1301 592 1366 ad
620 1301 785 1368 oculorum
813 1321 932 1369 errores
961 1304 1070 1369 reterri
1097 1307 1235 1388 possunt
1257 1307 1313 1369 aut
1335 1304 1426 1369 inter·

279 1407 431 1491 polatoris
450 1406 536 1472 haud
559 1407 680 1475 indocti
698 1407 837 1492 produnt
855 1427 994 1492 operam,
1019 1409 1074 1493 qui
1093 1429 1130 1476 er
1153 1411 1311 1494 scriptura
1330 1397 1425 1488 sacra,

284 1534 319 1580 er
341 1513 583 1580 Donatistarum
606 1515 708 1594 Actis,
733 1535 769 1581 er
793 1513 903 1599 Optati
924 1515 1027 1600 ipsius
1050 1517 1158 1583 uerbis
1180 1517 1341 1583 intrudere
1369 1537 1426 1582 non

228 1619 230 1622 ’
280 1620 451 1699 dubitauit,
477 1639 555 1703 quae
578 1621 641 1706 ipsi
668 1621 853 1688 uiderentur
881 1622 1033 1692 addenda.
1064 1627 1158 1708 atque
1187 1624 1216 1690 si
1243 1624 1426 1709 diligentins

279 1727 414 1808 rimeris,
447 1730 564 1812 quibus
590 1729 623 1794 in
655 1729 736 1796 loeis
767 1729 851 1794 inter
882 1749 917 1795 se
950 1730 1129 1815 discrepent
1161 1731 1257 1809 PltG,
1286 1732 1425 1815 protecto

279 1835 381 1900 multo
406 1835 521 1916 artiora
543 1835 707 1902 affinitatis
725 1835 856 1900 uincula
877 1835 1067 1921 indagantur
1087 1839 1169 1903 inter
1187 1838 1213 1902 P
1232 1840 1265 1903 et
1284 1837 1323 1916 G,
1344 1839 1425 1921 quod

277 1941 422 2027 inprimis
447 1963 483 2007 ex
505 1942 629 2007 mendis
648 1942 900 2025 corruptelisque
919 1942 1029 2028 colligi
1048 1947 1157 2028 postet
1178 1946 1284 2013 uelut:
1308 1946 1344 2009 ia
1367 1944 1427 2029 leae

278 2048 436 2132 simpulsare
461 2051 513 2125 13,
538 2050 595 2124 20;
617 2049 741 2130 profeta
754 2047 801 2135 (e)
824 2049 1093 2128 ieiuuio23,19;
1117 2049 1194 2115 libro
1217 2048 1353 2136 (libello)
1374 2051 1424 2126 26,

281 2157 316 2229 6;
339 2174 440 2236 supra
457 2154 595 2220 scribitis
617 2153 773 2241 (scriptis)
798 2159 851 2233 42,
873 2160 929 2232 183
953 2159 1086 2222 mantus
1103 2155 1275 2242 (tornatus)
1295 2159 1348 2235 44,
1371 2159 1425 2230 li:

279 2262 315 2324 iu
347 2265 409 2326 eote
437 2261 538 2346 (cute)
566 2263 696 2327 acuistis
725 2263 778 2338 63,
805 2264 855 2328 10.
879 2267 1004 2347 praeter
1024 2262 1113 2328 locos
1140 2263 1173 2328 iu
1203 2265 1232 2328 R
1257 2263 1425 2329 lacunosos

281 2369 349 2454 (27,
370 2369 427 2445 20;
448 2369 501 2447 50,
527 2371 561 2444 7;
587 2369 640 2446 50,
670 2373 705 2447 5;
731 2371 783 2446 61,
810 2371 865 2446 14;
892 2371 1017 2448 64,12.
1045 2367 1100 2450 16)
1124 2370 1202 2436 6444
1225 2369 1299 2435 addi
1321 2371 1424 2436 lubet:

274 2475 448 2556 peccatoris
479 2476 531 2557 (aa
558 2477 721 2559 expunct.)
753 2477 852 2540 uestri
878 2477 1037 2541 sumsistis
1060 2475 1281 2563 (promisistis)
1310 2479 1363 2554 58,
1392 2480 1424 2552 53

279 2583 361 2646 iuter
389 2580 648 2668 poeniteutiam)
681 2587 710 2647 et
732 2586 883 2647 tormenta
907 2585 960 2660 58,
987 2585 1042 2660 12;
1077 2583 1157 2649 dolet
1184 2585 1261 2649 deus
1283 2585 1319 2648 iu
1344 2581 1425 2668 (per)

279 2677 543 2775 Ezechielem-um)
563 2691 616 2768 61,
637 2691 693 2766 12;
718 2693 778 2754 toto
796 2689 846 2755 cu
863 2689 920 2754 sut
938 2690 1027 2756 uota
1044 2689 1130 2778 (uos)
1150 2691 1202 2766 66,
1219 2691 1249 2756 3.
1264 2692 1425 2773 praeterea
1449 2723 1451 2728 ,

280 2795 334 2860 cfr.
350 2797 402 2870 27,
419 2797 455 2874 4;
480 2797 605 2872 30,19;
630 2797 761 2872 40,14;
785 2797 839 2872 42,
865 2799 899 2873 3;
925 2797 977 2874 52,
1003 2797 1046 2862 23
1070 2796 1143 2873 4114,
1168 2813 1248 2880 quae
1271 2795 1424 2862 lectiones

280 2922 352 2968 cum
377 2902 545 2967 'Remensis
578 2902 743 2986 scripturis
776 2907 975 2987 comparatae
1008 2903 1172 2968 affinitatis
1204 2901 1293 2968 illius
1327 2905 1423 2968 testes
1494 2949 1501 2962 ,

278 3008 365 3073 haud
387 3008 501 3074 incerti
524 3007 690 3076 exsistunt.
711 3009 846 3093 denique
869 3027 949 3094 quae
973 3009 1230 3075 emendationum
1254 3009 1425 3093 specimina

280 3114 309 3204 G
333 3115 550 3197 compluribus
572 3115 605 3180 in
637 3115 718 3182 loeis
750 3117 889 3200 praebet,
914 3120 1026 3182 sanant
1054 3117 1227 3199 scripturas
1248 3115 1281 3180 in
1304 3116 1341 3190 P,
1365 3133 1423 3180 non

280 3221 442 3288 codicislt
459 3222 613 3306 genuinas
632 3223 736 3290 uelut:
756 3224 812 3304 qui
830 3225 860 3298 4,
879 3225 934 3304 18;
955 3224 1055 3287 iaceat
1071 3225 1123 3299 18,
1139 3225 1174 3300 63
1192 3222 1357 3303 trater22‚
1371 3222 1424 3293 16;

278 3347 311 3392 se
328 3329 536 3410 rebaptizasse
551 3329 603 3406 27,
620 3330 654 3406 5;
669 3330 825 3394 inuectam
842 3333 895 3406 30,
913 3331 965 3398 16.
980 3328 1118 3414 igiturG
1133 3329 1264 3413 propius
1279 3327 1425 3393 accedere

279 3435 504 3519 comprobatur
537 3434 576 3499 ad
608 3435 644 3514 P,
667 3435 714 3499 ita
746 3437 784 3499 ut
816 3454 913 3500 unam
945 3438 1080 3519 uterque
1109 3434 1252 3500 efficiant
1284 3433 1426 3499 codicum

278 3542 433 3607 familiam
457 3562 494 3607 er
517 3542 629 3608 eodem
652 3543 738 3608 fonte
758 3541 893 3607 deriuati
908 3579 951 3589 —
966 3561 1039 3607 nam
1058 3542 1129 3625 ipso
1149 3559 1184 3606 ex
1204 3541 1313 3607 codice
1332 3541 1358 3606 P
1377 3539 1426 3604 de·

280 3647 435 3733 scriptum
459 3667 529 3714 esse
554 3647 583 3716 G
606 3653 734 3732 propter
757 3649 880 3734 copiam
906 3649 1189 3732 discrepantiarum
1213 3647 1274 3714 etsi
1296 3667 1358 3712 non
1382 3647 1425 3710 ita

279 3754 424 3838 manium
448 3754 552 3820 minus
576 3754 672 3819 habet
694 3753 940 3838 probabilitatis.

323 3861 390 3925 lam
413 3861 606 3926 monendum
626 3864 677 3926 est
693 3861 766 3926 inde
787 3880 805 3925 a
827 3861 908 3927 libro
927 3859 1033 3939 tertio,
1057 3878 1131 3925 cum
1150 3857 1298 3924 destituti
1316 3875 1426 3923 sumus

278 3968 507 4052 Petropolitani
531 3968 650 4034 codicis
674 3968 828 4047 subsidio,
846 3968 879 4033 in
900 3966 928 4033 G
952 3967 1126 4033 sescenties
1151 3965 1254 4033 offerri
1276 3965 1427 4030 lectiones

280 4075 451 4140 secundam
475 4075 613 4141 auctoris
637 4075 738 4142 nostri
762 4095 889 4159 operam
908 4077 959 4140 sat
975 4075 1155 4140 luculenter
1177 4072 1426 4157 comprobantes.
1544 4059 1545 4076 ,

280 4201 412 4265 quarum
444 4183 597 4250 maiorem
629 4186 752 4266 partem
785 4182 979 4262 adferemus,
1015 4201 1088 4246 cum
1122 4180 1160 4246 de
1192 4177 1427 4246 necessitudine

279 4289 448 4367 artissima,
473 4307 554 4372 quae
576 4289 658 4354 inter
676 4288 699 4355 0
720 4291 754 4354 et
776 4287 805 4356 G
827 4288 1005 4367 intercedit,
1032 4287 1216 4372 disputandi
1244 4285 1335 4369 copia
1358 4284 1427 4350 erit.

279 4395 338 4478 qni·
366 4395 487 4462 restant
517 4394 590 4470 laci,
625 4394 663 4458 ad
692 4393 792 4459 libros
819 4393 959 4458 lH-Vl
998 4394 1157 4476 pertinent
1197 4395 1230 4458 et
1271 4394 1346 4457 sunt
1380 4391 1426 4456 hi:
