3090 5016
511 427 705 480 nominum
735 430 771 481 et
799 444 931 481 rerum.
1232 423 1292 498 211

127 657 130 664 ·
181 619 319 674 Christum
343 620 531 673 tantummodo
555 620 691 673 hominem
722 623 725 651 ¹
746 620 887 689 prouincia
905 623 1101 690 proconsularis
1115 623 1165 676 16.
1182 622 1296 677 Cartha-

180 691 274 759 fuisse,
293 708 346 744 666
367 689 446 744 deum
466 691 534 744 dixit
550 692 609 755 109,
630 691 655 747 6.
676 693 691 744 7
783 692 903 760 ginensis
921 691 965 756 81,
985 694 1031 758 11,
1047 695 1089 758 90,
1106 695 1152 759 15,
1170 694 1297 749 Africana

145 763 265 831 Phrygia
283 763 327 825 33,
346 763 362 815 9
784 764 825 827 11,
847 763 879 826 1,
900 765 942 828 77,
965 765 1013 827 17,
1034 763 1134 819 Arabia
1152 767 1195 829 47,
1218 767 1250 820 19

146 835 210 887 Ρ166
230 834 372 903 661666666
390 833 528 887 Romanus
548 835 590 901 37,
611 835 626 888 3
745 834 894 902 Purpurius
943 834 1106 890 Limatensis
1144 837 1295 908 episcopus,

146 904 239 974 pluuia
272 922 352 975 quam
392 904 457 958 deus
493 906 612 972 minatus
651 908 693 959 est
782 921 851 958 unus
871 922 885 958 6
903 906 1083 960 traditoribus
1097 911 1219 977 tempore
1233 926 1294 978 per·

182 977 289 1045 quando
309 977 345 1029 sit
365 979 423 1029 orta
442 978 485 1040 96,
506 978 540 1030 20
632 973 641 994 ’
783 977 930 1030 6666116616
962 978 1150 1032 Diocletianae
1185 981 1235 1045 16,
1265 981 1295 1045 2,

145 1049 230 1117 661161
243 1048 365 1101 homines
381 1065 433 1118 quo
447 1049 554 1118 possint
570 1047 630 1113 146,
645 1049 691 1112 17;
781 1048 918 1102 homicida
943 1049 1098 1117 appellatur
1126 1052 1167 1115 16,
1196 1053 1222 1116 2,
1243 1068 1295 1121 666

183 1118 354 1187 1481066.
724 1129 726 1152 ¹
783 1120 923 1188 pertinent
954 1121 1037 1174 uerba
1066 1122 1107 1185 2l,
1136 1123 1219 1188 4.5;
1249 1141 1295 1176 ne-

145 1191 295 1243 Pontianus
307 1191 448 1259 episcopus
460 1191 598 1244 Romanus
618 1191 692 1254 37,5
784 1207 857 1244 66666
877 1208 906 1244 66
929 1191 999 1244 filios
1023 1193 1120 1246 sororis
1146 1209 1209 1247 suae
1232 1211 1294 1262 pro·

146 1262 303 1330 pontificum
336 1262 518 1315 Romanorum
551 1263 692 1332 catalogus
783 1262 877 1316 fitetur
905 1265 933 1316 61
961 1279 1148 1334 quemcunque
1177 1265 1219 1318 sui
1248 1265 1295 1318 ad·

180 1332 221 1396 31,
242 1333 357 1396 21-37,
378 1334 409 1386 11
783 1334 930 1387 uersarium
940 1338 1099 1388 necaturum
1110 1353 1167 1389 esse
1177 1336 1298 1390 minatur

145 1405 259 1458 Pontius
277 1404 383 1458 Pilatus
404 1404 463 1469 164,
485 1405 516 1458 17
784 1405 826 1468 16,
846 1406 862 1458 5
881 1422 928 1475 66,
941 1406 1093 1460 Secundum
1113 1406 1295 1476 Tigisitanum

146 1477 249 1529 Pontus
270 1476 311 1540 33,
331 1477 348 1530 8
782 1475 938 1530 traditionis
959 1478 1050 1546 arguit
1073 1479 1113 1541 16,
1136 1479 1183 1542 18,
1204 1478 1297 1533 06661-

145 1547 260 1615 6666166
279 1547 307 1600 16
326 1547 432 1600 6611616
456 1563 614 1615 pemranens
630 1565 692 1601 con·
723 1575 726 1640 3
783 1547 885 1600 lianum
895 1548 1021 1616 publicae
1036 1550 1221 1617 paenitentiae
1232 1550 1296 1603 sub-

179 1620 290 1686 paratur
318 1635 378 1671 oum
405 1620 481 1672 ueste
510 1635 576 1672 6666
603 1619 646 1684 93,
667 1621 691 1683 6,
782 1619 916 1672 iciendum
943 1636 1001 1673 6666
1025 1623 1118 1674 666661
1142 1622 1184 1686 21,
1208 1623 1225 1674 5
1247 1637 1296 1690 66,

181 1690 285 1742 6161666
305 1706 365 1742 cum
385 1690 481 1758 pannis
502 1690 534 1743 de
563 1708 615 1744 una
644 1708 691 1744 ue·
783 1690 865 1743 solita
894 1691 951 1744 eius
979 1691 1085 1744 malitia
1113 1693 1155 1754 21,
1183 1693 1215 1757 4,
1244 1695 1295 1760 cfr.

181 1762 229 1814 6116
241 1761 345 1830 origine
360 1760 403 1823 93,
423 1762 452 1824 9,
467 1762 496 1813 16
511 1762 624 1816 66616616
637 1779 692 1817 666
784 1763 901 1830 append.
923 1763 982 1826 195,
1001 1763 1025 1816 4.
1046 1763 1093 1827 22,
1115 1764 1175 1829 196,
1195 1765 1227 1817 21

180 1832 264 1885 habet
292 1832 404 1886 sedendi
435 1833 574 1886 licentiam
611 1835 692 1903 (quae

86 1943 87 1946 ,
182 1904 301 1956 antistiti
321 1904 371 1956 soli
396 1906 455 1957 erat
473 1905 610 1974 66666666)
631 1906 689 1968 167,
723 1885 725 1926 l
745 1903 839 1957 radere
854 1904 1294 1974 666116666666616661.666661-

180 1976 211 2028 21
243 1975 307 2042 (cfr,
330 1975 398 2044 666.
427 1975 518 2028 homil.
544 1977 587 2043 26,
611 1983 691 2032 traci,
780 1977 871 2030 tentes
881 1975 992 2029 reddere
1003 1976 1155 2030 sacerdotes
1167 1979 1195 2030 et
1210 1978 1297 2030 uncti-

182 2047 294 2100 19112
314 2051 339 2100 61
352 2048 492 2114 6666166),
519 2047 613 2116 666611
636 2048 692 2100 661·
782 2064 860 2100 onem
893 2047 1088 2101 sacerdotalem
1121 2048 1153 2101 iis
1188 2049 1292 2102 auferre

179 2117 266 2186 fragio
302 2117 414 2186 eligitur
450 2119 591 2187 episcopus
625 2117 692 2174 066-
782 2119 824 2182 60,
845 2119 870 2182 9,
894 2119 923 2172 16
943 2118 1015 2188 6666
1032 2137 1088 2172 666
1113 2118 1179 2173 11661
1197 2120 1240 2184 60,
1262 2120 1295 2173 10

181 2189 293 2242 cilianus
322 2190 365 2251 20,
394 2189 463 2241 2-
483 2206 574 2244 omncs
591 2191 693 2258 666611
745 2188 914 2258 rebaptizare
933 2190 1027 2244 fideles
1046 2192 1071 2253 4,
1091 2191 1241 2244 9alienum
1260 2191 1293 2244 ab

182 2261 326 2314 christiani
349 2259 516 2314 diuiduntur
538 2261 691 2316 16616166-
782 2261 957 2328 6661661627,
977 2263 993 2314 6
1002 2281 1012 2329 ;
1030 2279 1056 2317 6.
1076 2261 1238 2315 Donatistae

180 2349 236 2392 666,
257 2332 412 2396 orientales,
437 2334 539 2386 ceteros
559 2335 691 2387 transma·
745 2331 842 2385 relatio
858 2331 890 2386 de
903 2332 1109 2386 Donatistarum
1125 2333 1252 2387 caedibus
1268 2337 1295 2387 et

179 2403 251 2456 rinos
261 2404 305 2466 50,
315 2403 340 2456 8.
351 2404 380 2467 9,
393 2429 426 2448 =
435 2402 538 2465 fideles,
549 2404 611 2457 laici
621 2421 690 2473 pas·
782 2403 988 2458 crudelitatibus
1030 2403 1065 2456 ad
1105 2405 1295 2474 imperatorem

179 2474 231 2527 6166
244 2475 320 2528 uelut
333 2475 377 2539 39,
397 2475 425 2539 3;
445 2475 489 2536 57,
511 2475 559 2539 19,
579 2476 621 2540 59,
643 2477 690 2541 10,
781 2475 865 2528 61666
887 2476 930 2539 51,
951 2476 986 2528 14

181 2546 239 2609 107,
250 2545 483 2609 20,159,4;173,
498 2547 613 2600 24-6,
625 2547 691 2600 6666
745 2562 787 2599 res
811 2545 968 2615 661116611.
989 2563 1009 2600 6.
1035 2547 1178 2615 imperium
1197 2548 1295 2601 Rorna-

146 2617 259 2670 Praxeas
273 2617 493 2686 Patripassianus
514 2618 573 2681 121,
587 2619 612 2670 2.
630 2620 692 2685 (om.
781 2634 845 2670 nuru
865 2619 907 2680 74,
926 2619 954 2684 4)
983 2634 1038 2670 666
1062 2620 1104 2671 661
1127 2619 1155 2671 16
1183 2619 1295 2672 66616616

179 2689 254 2741 Prar.
294 2689 353 2753 121,
391 2689 418 2756 6)
452 2705 521 2741 6666
559 2706 590 2742 ex
626 2689 690 2744 hae·
782 2689 828 2741 sed
848 2688 961 2742 ecclesia
979 2689 1008 2742 16
1023 2705 1052 2742 re
1064 2689 1173 2758 publica
1186 2691 1228 2754 74,
1239 2691 1294 2743 3.4

179 2760 269 2812 reticis
290 2757 387 2828 Optati
401 2762 491 2813 aetate
505 2759 558 2813 iarn
577 2762 691 2815 mortuis
745 2760 867 2813 Reticius
883 2760 916 2813 ab
930 2761 1128 2829 Augustoduno
1142 2761 1293 2829 episeopus,

181 2832 222 2888 10,
242 2831 357 2894 22-11,
376 2831 401 2895 2,
416 2831 496 2884 6666
509 2834 623 2900 patrem,
637 2849 692 2886 non
782 2831 862 2884 iudex
880 2833 1023 2884 arcessitus
1044 2832 1157 2886 Romam
1172 2833 1200 2885 16
1215 2849 1295 2886 66666

179 2901 264 2954 filium
278 2918 337 2954 esse
351 2919 460 2970 passum
475 2903 616 2956 contendit
631 2905 691 2967 108,
782 2903 930 2958 0666111661
948 2903 990 2966 26,
1007 2904 1040 2957 10
1060 2945 1066 2959 .
1088 2905 1120 2958 15

180 2974 220 3026 14.
247 2974 297 3037 15,
324 2974 383 3038 121,
409 2976 431 3028 1.
456 2975 485 3037 2,
509 2991 611 3028 uanum
635 2976 691 3029 eius
745 2973 847 3027 Romae
865 2973 995 3028 basilicae
1019 2975 1080 3042 plus
1106 2975 1140 3027 40
1160 2975 1209 3028 sub
1229 2974 1294 3027 scis·

179 3044 314 3112 baptisma
325 3045 384 3109 121,
396 3045 410 3098 7
423 3046 613 3112 (cfnTeriull.
626 3047 691 3102 666,
782 3046 864 3099 matis
883 3046 983 3099 Donat.
1003 3047 1111 3098 initium
1128 3045 1169 3108 39,
1185 3048 1215 3109 4,
1232 3062 1294 3098 666-

177 3115 341 3182 Ρ6666666),
359 3119 501 3185 superatus
516 3116 549 3170 ab
564 3119 692 3172 ecclesiae
782 3116 874 3169 cilium
893 3116 994 3170 Romae
1017 3117 1141 3170 habiturn
1167 3118 1196 3169 in
1216 3133 1296 3169 causa

181 3186 331 3240 catholicae
351 3187 535 3242 adsertoribus
556 3189 597 3252 ll,
618 3191 633 3242 5
782 3187 985 3251 066611166126,
1002 3189 1293 3258 11666661666666

144 3257 294 3326 presbyteri
324 3259 351 3311 in
385 3258 501 3312 secundo
540 3259 690 3314 sacerdotio
782 3259 819 3311 sit
849 3260 974 3312 habitum
1006 3260 1054 3322 26,
1089 3259 1121 3312 13
1155 3260 1212 3326 (sed
1244 3259 1295 3326 cfr.

182 3329 322 3382 constituti
345 3331 587 3398 15,19;cfc.48‚
609 3333 641 3385 19
781 3330 852 3399 6166.
882 3347 913 3398 p.
946 3331 1005 3384 6611.
1039 3331 1100 3396 33),
1144 3346 1196 3398 666
1235 3330 1293 3383 1666

144 3399 280 3454 Primosus
310 3401 390 3469 episc.
425 3403 496 3454 cath.
525 3403 552 3456 in
578 3403 689 3456 castello
781 3402 823 3467 26,
844 3402 884 3464 12,
905 3401 1003 3471 661166
1029 3401 1231 3455 considentibus
1250 3401 1293 3463 26,

177 3471 368 3525 Lemellefensi
388 3472 511 3533 52,9de
532 3475 689 3527 Donatista·
730 3492 735 3501 ·
781 3474 895 3534 15-27,
915 3476 944 3537 2,
964 3474 993 3526 16
1017 3473 1084 3527 urbe
1107 3473 1193 3526 Roma
1211 3473 1292 3525 Petro

163 3559 236 3616 'rum
251 3542 379 3597 caedibus
395 3544 517 3612 queritur
531 3545 559 3597 in
576 3545 688 3598 concilio
779 3544 866 3612 prima
878 3544 1005 3598 cathedra
1019 3547 1061 3598 est
1074 3545 1181 3598 conlata
1195 3544 1238 3608 36,
1252 3543 1294 3597 13.

179 3613 251 3682 apud
272 3614 464 3669 'thebestinam
485 3616 527 3678 52,
549 3617 582 3670 10
780 3615 900 3683 66666661
917 3615 1054 3670 Romani:
1082 3614 1219 3669 Miltiades
1248 3615 1291 3678 26,

142 3684 247 3738 Primus
265 3686 338 3739 filius
356 3687 477 3740 Ianuarii
497 3687 624 3741 diaconus
645 3704 689 3740 ca·
782 3688 829 3750 15,
849 3689 892 3750 27,
913 3687 946 3740 10
953 3708 960 3751 ;
984 3687 1048 3741 1666
1068 3704 1083 3740 6
1106 3687 1188 3741 Petro
1208 3702 1293 3755 usque

93 3782 95 3787 v
176 3756 294 3810 tholicus
328 3775 344 3810 a
375 3757 529 3812 Donatistis
558 3759 690 3813 occiditur
781 3757 814 3812 66
826 3758 950 3812 Siricium
968 3759 1036 3822 (siue
1052 3758 1192 3828 catalogus
1202 3758 1293 3828 66611-

177 3828 220 3887 52,
241 3829 256 3880 5
278 3830 340 3896 (cfr.
359 3831 501 3899 martyrol.
520 3830 600 3885 Rom.
616 3848 642 3884 a.
662 3831 689 3884 61.
780 3830 870 3896 ficum)
891 3829 934 3892 36,
959 3831 1073 3894 21-37,
1095 3832 1141 3893 11,
1171 3829 1292 3898 66166661

181 3899 213 3952 V.
234 3899 279 3952 Id,
299 3899 395 3968 Febr.)
780 3900 987 3954 Donatistarum
1006 3903 1034 3954 in
1054 3901 1119 3954 urbe
1142 3902 1230 3953 Roma
1249 3900 1292 3966 37,

142 3971 333 4039 prophetarum
367 3972 440 4026 dicta
479 3989 531 4041 quo
565 3976 689 4042 spectent
782 3973 823 4035 16,
840 3971 1047 4027 indeanotore
1062 3971 1194 4027 Garbensi
1208 3987 1293 4040 66666

179 4042 239 4104 115,
250 4043 280 4105 2,
297 4058 342 4095 666
362 4043 408 4113 661
422 4043 512 4112 legem
528 4044 572 4098 dei
583 4044 688 4114 praedi·
779 4042 814 4096 ad
833 4044 982 4097 Lucianum
1001 4044 1044 4106 38,
1065 4044 1161 4107 7-39,
1182 4045 1198 4096 9

178 4113 277 4166 cabant
295 4113 314 4166 i.
335 4131 356 4169 e.
376 4116 523 4184 prophetas
544 4117 586 4177 64,
608 4117 640 4169 19
743 4116 881 4168 Romanae
900 4115 975 4184 leges
1005 4117 1064 4180 179,
1094 4116 1124 4181 2,
1154 4113 1213 4176 180,
1244 4113 1290 4177 10,

141 4182 278 4237 Proterius
298 4201 314 4238 a
333 4183 426 4254 Capua
445 4188 600 4255 episcopus,
620 4203 689 4240 unus
779 4187 921 4255 imperium
930 4202 958 4240 6.
969 4185 1130 4256 respublica
1141 4186 1169 4238 16
1179 4185 1292 4253 imperio

176 4273 206 4308 ex
216 4255 365 4310 Caeciliani
383 4257 518 4311 iudicibus
535 4259 563 4311 in
575 4258 688 4312 concilio
779 4257 900 4310 Romano
932 4257 1085 4311 sacerdotia
1117 4258 1212 4310 sancta
1244 4271 1292 4324 pu·

177 4327 298 4381 Romano
319 4329 363 4393 26,
384 4329 416 4382 19
719 4295 722 4364 i
780 4328 902 4382 dicitiam
920 4329 1110 4398 uirginitatem
1136 4345 1202 4392 esse,
1223 4343 1292 4395 6666

196 4469 278 4508 xxvi.
1189 4451 1221 4504 16
