3148 5020
227 392 289 455 ΧΠ
688 383 904 438 Praelatio.

226 587 320 648 netur
351 603 388 647 ea
419 583 549 659 ratione,
584 599 646 663 qua
680 580 799 664 singuli
830 580 904 644 libri
935 579 1152 644 terminantur.
1184 580 1249 644 iam
1281 597 1377 662 supra

226 691 408 758 monuimus
445 690 477 753 in
515 689 633 753 librum
669 689 717 752 Hi
753 689 860 752 locum
903 707 938 750 ex
977 686 1112 768 septimo
1152 687 1234 752 libro
1274 690 1375 752 trans·

225 798 367 880 positum
404 815 484 861 esse.
522 815 624 878 neque
660 814 736 860 uero
773 795 852 860 haec
888 793 1093 875 transpositio
1130 793 1269 877 Dupinio
1311 793 1376 858 suf-

176 905 177 908 ’
225 887 321 970 fecit:
361 923 396 969 ex
432 904 504 968 libri
540 903 586 966 IV
618 902 725 966 uerbis
759 901 906 966 extremis
939 904 1107 966 mutuatus
1142 905 1192 967 est
1221 901 1295 967 libri
1327 901 1374 964 HI

228 1014 366 1076 extrema
389 1008 458 1096 (cfr.
484 1013 558 1084 101,
584 1010 623 1084 9;
650 1009 725 1086 117,
751 1009 789 1090 1),
814 1026 894 1090 quae
918 1027 956 1072 an
984 1008 1096 1074 eodem
1120 1008 1374 1090 amplificationis

113 1207 115 1210 .
227 1120 260 1182 et
290 1117 523 1182 retractationis
558 1115 663 1180 studio
689 1117 758 1179 orta
781 1133 852 1180 esse
877 1115 1024 1196 equidem
1048 1115 1135 1179 haud
1159 1115 1235 1181 scio.
1261 1115 1374 1198 quodsi

228 1228 260 1289 et
285 1225 341 1290 lib.
373 1225 435 1288 Vll
468 1207 682 1299 additamenta
706 1222 847 1286 continet
880 1223 911 1285 et
941 1221 975 1284 in
1005 1221 1164 1304 prioribus
1201 1221 1291 1286 libris
1324 1221 1376 1285 ad·

227 1332 473 1396 ditamentorum
497 1330 670 1413 specimina
694 1329 886 1413 deteguntur
913 1330 966 1392 uel
995 1347 1052 1392 suo
1080 1330 1150 1393 loco
1178 1329 1233 1392 uel
1260 1328 1372 1405 alieno,

227 1438 386 1520 duplicem
408 1436 588 1501 traditionis
612 1436 733 1500 fontem
757 1455 827 1500 esse
852 1434 1056 1499 statuendum
1079 1435 1144 1498 iam
1165 1437 1265 1516 patet.

150 1603 152 1607 a
271 1544 430 1625 Dupinius
456 1543 493 1608 de
518 1541 628 1624 Optati
650 1542 740 1606 libris
765 1542 883 1623 optime
911 1541 1043 1605 meritus
1066 1541 1252 1623 Hieronymi
1284 1540 1391 1618 testis

226 1650 331 1714 monio
348 1653 380 1713 et
394 1649 585 1732 quibusdam
599 1649 681 1713 inter
700 1667 754 1712 sex
772 1647 891 1730 priores
911 1649 944 1710 et
961 1647 1133 1728 septimum
1153 1645 1372 1729 discrepantiis

226 1757 316 1820 nisus
348 1756 466 1820 librum
492 1756 584 1819 illum
611 1755 713 1836 primo
741 1753 852 1818 reiecit
875 1751 978 1838 (aeuo.
1012 1753 1145 1816 etaltera.
1170 1754 1224 1816 des
1246 1757 1373 1816 auteurs

227 1861 326 1926 eccles.
355 1883 392 1942 p.
427 1859 516 1946 118),
550 1861 713 1926 codicibus
745 1860 896 1940 inspectis
929 1859 1180 1924 additamentum
1213 1859 1372 1942 quoddam

226 1970 339 2050 triplex
363 1969 402 2032 ad
425 1973 489 2032 tres
515 1966 623 2050 Optati
646 1967 744 2032 libros
769 1966 952 2045 declararit,
976 1967 1082 2032 itaut
1109 1968 1130 2034 l.
1155 1967 1218 2031 Vll
1246 1986 1315 2050 cpp.
1341 1970 1371 2044 1,

228 2078 258 2153 2,
293 2077 312 2138 3
346 2075 386 2138 11
416 2075 536 2138 librum
567 2075 716 2156 primum,
751 2091 821 2154 opp.
854 2076 885 2151 4,
920 2075 939 2137 5
973 2074 1013 2138 ad
1044 2074 1140 2138 finem
1164 2074 1295 2139 secundi
1316 2075 1385 2138 nel·

227 2182 340 2263 quarti,
369 2181 492 2262 reliqua
524 2200 604 2261 quae
637 2181 675 2244 de
699 2180 838 2244 Maoario
872 2184 1015 2264 agantur,
1040 2180 1079 2244 ad
1100 2167 1232 2246 tertium
1254 2181 1371 2246 librum

225 2287 403 2352 reuocanda
417 2287 595 2353 uideantur.
616 2287 684 2351 siue
703 2286 935 2350 retractationis
955 2287 1023 2351 siue
1039 2287 1247 2352 additamenti
1265 2287 1370 2352 studio

227 2398 331 2457 ortum
370 2412 440 2458 esse
481 2393 575 2458 illum
615 2393 731 2457 librum
768 2412 957 2476 persuasum
993 2394 1159 2473 habemus,
1196 2395 1229 2458 in
1269 2393 1373 2458 siricii

225 2519 324 2583 papae
363 2501 671 2579 commemoratione,
710 2519 805 2582 quarn
844 2519 939 2583 supra
971 2500 1073 2584 attigi,
1110 2501 1197 2566 haud
1230 2501 1295 2566 scio
1334 2518 1372 2563 11

225 2607 343 2671 nodum
377 2625 509 2688 quaeras
541 2607 676 2694 nullum.
708 2607 806 2672 immo
831 2606 935 2671 Siricii
966 2626 1080 2671 nomen
1104 2608 1247 2691 catalogo
1270 2607 1373 2690 ponti·

225 2712 322 2776 ficum
362 2697 576 2777 Romanorum
617 2716 730 2795 postea
769 2713 924 2778 insertum
966 2713 1156 2778 documento
1194 2714 1285 2778 nobis
1324 2715 1373 2777 est

227 2817 379 2901 Optatam
401 2819 499 2883 libros
528 2838 603 2884 suos
631 2819 695 2884 iam
723 2819 826 2884 editos
849 2821 1064 2903 uulgatosque
1090 2821 1316 2904 recognouisse
1341 2823 1373 2883 et

226 2926 360 2990 auxisse.
394 2926 505 2990 eodem
537 2927 682 3009 pertinet,
708 2926 792 3007 quod
822 2927 854 2990 in
889 2927 1110 3010 episcoporum
1133 2929 1372 2994 Donatistarum

226 3051 355 3096 numero
379 3032 560 3098 Macrobius
587 3033 750 3097 inducitur
777 3033 873 3098 uiuus
897 3032 945 3118 (p.
970 3035 1023 3111 37,
1049 3034 1105 3119 18)
1130 3038 1162 3099 et
1190 3036 1249 3100 sub
1277 3035 1372 3100 finem

226 3139 367 3206 eiusdem
391 3139 504 3221 capitis
529 3140 591 3204 duo
615 3141 702 3204 illius
727 3159 928 3206 successores
947 3142 1107 3206 Lucianus
1127 3145 1159 3207 et
1178 3143 1371 3208 Claudianus
1442 3149 1444 3152 ’

226 3242 410 3307 adferuntur
425 3242 473 3328 (p.
486 3246 538 3322 39,
552 3242 585 3330 8)
597 3281 640 3292 -
651 3247 707 3310 sed
722 3247 777 3311 cfr.
793 3250 888 3330 paulo
903 3248 984 3312 infra
998 3249 1185 3332 marginalia
1198 3249 1231 3313 in
1246 3249 1315 3314 cod.
1332 3247 1370 3314 G.

151 3417 209 3445 lm·
273 3347 382 3432 Optati
403 3351 477 3414 libri
499 3353 686 3434 plerumque
708 3353 832 3417 laudari
860 3356 966 3420 solent
998 3355 1113 3420 additis
1132 3355 1252 3420 ‘uerbis
1279 3373 1368 3432 ,con

148 3471 197 3500 ¹⁰1⁹
226 3458 275 3519 tra
298 3457 540 3521 Parmenianum
567 3458 788 3522 Donatistam“
820 3462 872 3524 uel
906 3462 1076 3541 similibus,
1110 3483 1190 3546 quae
1213 3482 1252 3526 ne
1275 3462 1371 3526 unius

225 3562 355 3644 quidem
392 3564 509 3628 codicis
551 3564 612 3628 fide
646 3567 828 3646 probantur.
868 3587 940 3632 nam
983 3570 1181 3653 singulorum
1216 3569 1371 3633 librorum

222 3668 445 3751 inscriptiones
465 3671 778 3754 subscriptionesque
796 3673 878 3738 nihil
896 3675 1029 3739 offerunt
1048 3676 1134 3740 aliud
1152 3695 1248 3758 quam
1262 3673 1371 3756 opraa·

224 3774 298 3839 Md.
332 3775 405 3838 libri
434 3777 451 3839 I
477 3773 529 3862 ’(ΙΙ
545 3826 552 3841 .
571 3825 578 3841 .
595 3778 618 3856 .)
651 3779 706 3842 111
729 3778 850 3861 Iacc'pc't
880 3779 1050 3864 (Explicit)
1077 3781 1172 3845 Liber
1193 3783 1210 3845 I
1234 3781 1302 3869 (ll.
1322 3832 1328 3847 .
1346 3780 1368 3868 .)

222 3902 247 3944 s.
286 3880 403 3962 Optati.
440 3884 473 3947 in
510 3884 618 3949 codice
656 3887 876 3952 tantummodo
905 3889 1054 3952 Remensi
1091 3889 1131 3953 ad
1164 3890 1259 3954 finem
1296 3889 1370 3952 libri

222 3989 330 4053 ultimi
380 3991 503 4055 addidit
546 3993 694 4056 librarius
741 3994 893 4060 11111111
935 3993 1186 4060 Persae-aiaconi
1215 3997 1369 4060 scismati·

223 4115 328 4158 coram
360 4101 524 4161 erectorem.
559 4119 653 4180 quare
688 4101 765 4166 satis
789 4102 868 4165 mihi
890 4103 998 4169 uisum
1024 4105 1073 4166 est
1094 4103 1224 4168 inscribi
1251 4104 1369 4167 librum

222 4203 367 4285 neglecto
402 4203 486 4286 quod
509 4225 545 4269 er
561 4206 838 4272 ¹bibliothecarum
862 4209 1016 4292 catalogis
1039 4209 1210 4292 inrepsisse
1242 4209 1371 4274 uidetur

221 4308 446 4374 additamento.
