3064 5010
457 408 575 462 Liber
600 409 773 476 quintus,
801 424 822 460 0.
853 361 966 460 101-11.
1221 405 1281 470 141

129 600 247 664 ‘amice
274 601 400 667 —hoc
429 604 478 665 est
506 601 623 666 dicore:
653 620 790 686 agnosco
818 603 851 665 te
879 638 923 646 -
951 600 1118 682 aliquando
1146 599 1284 662 renunti-

130 725 248 771 aueras
278 707 403 772 diabolo
433 709 465 772 et
493 707 532 772 ad
560 727 610 772 me
640 727 812 773 conuersus
841 707 945 771 fueras
979 708 1011 770 et
1048 705 1193 770 dederam
1224 705 1285 768 tibi

130 815 262 876 uestem
288 813 478 897 nuptialem;
507 817 544 878 ut
567 815 644 896 quid
667 815 713 879 sic
736 814 854 878 uenisti
878 832 939 877 non
963 813 1094 890 habens,
1118 811 1203 894 quod
1224 812 1285 876 tihi

130 918 236 984 dedi?
263 922 323 984 hoc
348 924 397 985 est
420 921 538 986 dicere:
563 941 658 1003 quare
677 940 739 985 non
758 921 866 994 habes,
887 919 971 1002 quod
992 919 1053 984 tibi
1076 918 1168 982 dedi?
1192 937 1283 982 nemo

99 1026 221 1090 sonim
267 1029 374 1110 potest
408 1028 504 1092 irasci
543 1047 605 1092 non
642 1027 771 1092 habenti
806 1046 884 1106 rem,
919 1045 999 1108 quae
1032 1026 1106 1090 data
1136 1044 1198 1090 non
1232 1025 1284 1089 sit.

130 1134 263 1197 uestem
292 1134 466 1216 nuptialem
494 1133 577 1198 inter
603 1133 683 1199 istos
711 1152 877 1216 acceperas
906 1136 938 1198 et
965 1134 1053 1197 solus
1080 1150 1144 1221 non
1165 1130 1285 1196 habes?

131 1259 232 1321 quare
267 1241 371 1305 nudus
405 1244 437 1306 et
467 1241 614 1325 lugubris
647 1241 785 1306 uenisti?
820 1241 890 1322 quis
918 1239 978 1304 tibi
1006 1239 1140 1303 detraxit
1163 1238 1285 1320 spolia?

133 1365 216 1428 quas
256 1347 472 1412 fraudulentas
510 1347 605 1414 adisti
641 1349 770 1413 fauces?
808 1366 888 1430 quos
924 1346 1086 1411 incurristi
1126 1344 1285 1410 latrones?

132 1456 297 1536 quotquot
333 1456 413 1519 tales
450 1455 578 1520 uenturi
615 1457 699 1532 sunt,
735 1457 843 1520 locum
879 1455 911 1518 in
947 1453 1004 1518 illo
1042 1452 1191 1518 conuiuio
1223 1471 1286 1516 non

92 1574 113 1611 ¹0
130 1559 309 1627 habebunt.

179 1667 236 1730 11.
267 1668 309 1732 Et
340 1671 378 1732 ut
409 1670 464 1732 uel
496 1688 564 1734 sero
598 1669 807 1753 conpendium
839 1668 964 1746 faciem,
989 1668 1081 1732 credo
1106 1667 1202 1731 etiam
1224 1667 1286 1731 hoc

133 1772 300 1852 sufficere3
335 1776 396 1839 etsi
428 1778 478 1840 tot
509 1776 709 1858 probationes
742 1775 872 1839 minime
901 1775 1092 1838 diceremus:
1115 1773 1209 1838 uobis
1234 1774 1285 1837 ab·

134 1879 284 1946 sentibus
316 1883 414 1947 uerbo
446 1886 539 1948 tenus
572 1882 724 1966 baptizati
757 1885 832 1946 suut
860 1883 962 1946 mille:
987 1901 1023 1946 ex
1045 1881 1096 1945 his
1120 1883 1203 1944 sorte
1228 1899 1287 1944 sua

134 1985 281 2051 defuncti
319 1993 394 2054 sunt
431 1992 568 2055 centum.
607 1990 763 2055 abstinete
800 1989 963 2072 paulisper
999 1989 1037 2053 ab
1074 1988 1136 2052 hoc
1168 1989 1286 2052 scelere

94 2113 118 2152 1⁵
133 2110 263 2157 manus.
289 2098 453 2172 sanctitas,
477 2098 515 2159 ut
538 2095 655 2174 dicitis,
678 2096 786 2159 uestra
813 2093 915 2178 primo
938 2093 1110 2158 resuscitet
1132 2093 1286 2175 sepultos,

136 2200 297 2279 emendet,
322 2202 350 2267 si
376 2205 493 2285 potest,
526 2204 669 2267 mortuos
702 2205 734 2266 et
767 2201 812 2266 sic
845 2202 1022 2265 reuertatur
1049 2201 1088 2263 ad
1114 2199 1219 2264 uiuos.
1258 2197 1303 2262 si-

136 2309 284 2372 mortuos
314 2309 468 2373 suscitare
496 2327 558 2373 non
580 2309 726 2392 potestis,
760 2312 797 2373 ut
820 2309 896 2391 quid
920 2308 1104 2372 uiuentibus
1130 2305 1287 2371 conamini

136 2434 252 2479 manus
280 2415 404 2493 inferre,
435 2415 497 2480 nisi
524 2418 561 2479 ut
589 2417 782 2498 conpleatur,
807 2415 891 2497 quod
918 2435 974 2498 per
995 2413 1194 2479 Ezechielem
1217 2431 1287 2494 pro·

135 2523 268 2604 phetam
302 2522 339 2586 de
371 2523 464 2588 uobis
496 2524 624 2588 locutus
658 2526 708 2587 est
740 2522 817 2586 deus
851 2521 972 2586 dicens:
1000 2523 1042 2585 ut
1070 2519 1287 2587 occiderent

96 2637 119 2675 2⁰
137 2629 294 2708 animas,
319 2647 410 2710 quas
434 2648 505 2693 non
530 2629 700 2712 oportuit
721 2629 825 2695 mori.

231 2820 266 2874 19
286 2819 333 2874 ΕΖ.
353 2821 396 2886 13,
417 2821 450 2874 19

174 2946 190 2997 1
211 2961 367 3014 agnosce-c,
385 2961 516 3015 cognosce
530 2946 554 3009 h,
569 2961 764 3014 cognoscerer.
782 2944 903 3000 0000111.
965 2961 1025 2998 cum
1041 2942 1185 3012 aliqnando
1198 2941 1286 2997 RBcb

138 3038 163 3086 et
185 3033 306 3087 Uasaah.
350 3034 366 3087 3
385 3035 417 3086 ut
437 3033 503 3104 quid
514 3076 520 3088 .
532 3074 538 3087 .
550 3076 555 3088 .
566 3051 620 3088 non
639 3033 743 3088 hahens
762 3051 787 3104 q.
801 3033 853 3087 tibi
873 3032 935 3088 dedi
947 3050 998 3088 om.
1013 3033 1085 3088 RBo
1139 3031 1241 3086 uenisti
1258 3047 1286 3085 n.

138 3120 243 3173 habens
263 3123 368 3174 uestem
386 3120 540 3190 nuptialem
557 3121 610 3174 hoc
628 3123 672 3174 est
689 3121 777 3174 dicere
792 3162 798 3174 .
813 3121 875 3176 ..b
932 3119 1116 3190 apoterit&
1171 3117 1283 3187 histos]

137 3209 209 3262 filios
227 3209 257 3261 B
310 3209 393 3263 81101
412 3227 478 3280 quas
501 3209 527 3263 G
580 3211 681 3264 9sunt
698 3209 749 3264 hoc
769 3210 939 3280 exemploG
1003 3211 1036 3264 10
1054 3209 1205 3276 habebunt]
1223 3208 1285 3262 EX-

137 3296 259 3351 PLICIT
277 3297 388 3352 LIBER
407 3298 563 3364 QVINTVS
584 3300 680 3368 (rubr.)
699 3299 727 3354 11
745 3300 795 3367 fol.
817 3301 855 3354 52
867 3309 886 3363 ¹,
905 3299 1024 3370 Explicit
1041 3297 1110 3352 liber
1129 3298 1239 3367 quintus
1257 3297 1284 3348 B

133 3387 189 3454 fel.
212 3389 262 3439 53·
282 3391 305 3450 1,
330 3387 448 3456 Explicit
466 3387 548 3441 Liber
568 3387 684 3454 Quintus
705 3389 801 3456 (rubr.)
825 3388 850 3443 θ
870 3388 925 3457 fot.
948 3390 980 3441 51
991 3389 1011 3443 b.
1036 3387 1069 3440 de
1089 3386 1180 3440 aerea
1197 3400 1285 3453 crepera

137 3476 319 3543 sequentibus,
338 3491 408 3544 quae
426 3476 525 3530 desum
541 3478 573 3530 iu
584 3476 665 3541 RBo,
684 3477 734 3544 cfr.
746 3494 775 3545 p.
792 3477 851 3541 138,
872 3476 907 3530 26
963 3477 996 3530 16
1016 3475 1065 3544 sic]
1083 3474 1148 3529 siG
1203 3473 1284 3528 19110

139 3563 219 3616 uobis
238 3565 329 3618 cnud
