3052 5012
418 441 535 495 Liber
559 441 763 504 secundus
783 458 805 495 0.
826 439 922 494 7-10.
1182 442 1223 505 45

84 636 394 719 supramemoratis,
424 636 521 701 etiam
550 636 634 721 apud
662 655 720 701 nos
748 635 801 701 hio
827 636 861 699 in
888 634 997 699 Africa
1024 634 1134 698 deesse
1162 653 1225 700 non

82 745 222 825 possunt.
246 742 425 827 intellegite
449 743 504 807 uel
528 761 598 808 sero
627 763 686 809 uos
716 762 786 808 esse
814 742 898 808 filios
926 742 1041 825 inpios,
1070 760 1130 806 uos
1154 760 1225 806 esse

82 849 193 915 fractos
217 868 322 915 ramos
348 850 386 913 ab
411 850 532 929 arbore,
562 869 621 915 uos
651 869 722 916 esse
752 850 895 915 abscisos
922 849 1073 932 palmites
1101 868 1119 912 a
1145 849 1224 926 uite,

82 975 134 1021 uos
166 956 276 1020 riuum
304 956 468 1022 concisum
498 975 516 1020 a
543 957 641 1022 fonte.
678 975 741 1022 non
775 957 859 1021 enim
891 958 1000 1039 potest
1033 955 1119 1037 origo
1153 973 1225 1020 esse

56 1063 175 1142 sunus,
201 1063 257 1146 qui
280 1082 398 1146 paruus
423 1065 473 1128 est
497 1066 529 1128 et
551 1064 672 1130 nonde
692 1083 726 1130 se
745 1064 897 1142 nascitur,
917 1065 974 1126 ant
992 1062 1084 1149 arbor
1102 1080 1121 1125 a
1138 1079 1224 1124 ramo
1263 1103 1275 1129 0

83 1171 212 1249 concidi,
233 1189 307 1235 cum
332 1171 424 1236 arbor
446 1171 579 1235 lundata
602 1172 670 1237 suis
693 1171 854 1238 radicibus
879 1171 1019 1256 gaudeat
1048 1172 1080 1234 et
1107 1188 1224 1248 ramus,

83 1279 107 1343 si
135 1278 233 1342 tuerit
265 1282 421 1356 exsectus,
455 1282 588 1344 arescat.
621 1279 726 1344 iamne
754 1279 856 1358 uides,
884 1279 982 1343 frater
1007 1276 1225 1353 Parmeniane,

81 1385 178 1450 iamne
209 1385 320 1463 sentis,
349 1386 454 1450 iamne
482 1386 645 1471 intellegis
673 1389 705 1450 te
734 1386 931 1470 argumentis
962 1385 1028 1450 tuis
1057 1387 1166 1448 eontra
1192 1386 1225 1446 te

81 1492 252 1572 militasse,
291 1511 364 1557 cum
396 1494 566 1576 probatum
607 1495 657 1558 est
688 1512 746 1558 nos
780 1512 850 1558 esse
882 1493 915 1556 in
949 1491 1084 1557 ecclesia
1117 1492 1226 1555 sancta

47 1600 245 1686 acatholica,
270 1600 354 1687 apud
379 1618 458 1683 quos
483 1603 516 1664 et
540 1601 723 1684 symbolum
742 1600 895 1665 trinitatis
915 1601 975 1676 est,
996 1602 1028 1663 et
1045 1618 1102 1681 per
1121 1597 1226 1662 cathe-

83 1705 163 1768 dram
181 1707 281 1783 Petri,
302 1725 382 1788 quae
407 1709 515 1772 nostra
539 1710 598 1786 est,
622 1708 803 1790 peripsam
827 1709 859 1770 et
882 1708 1002 1770 ceteras
1027 1705 1118 1769 dotes
1142 1703 1226 1786 apud

82 1833 133 1877 nos
157 1817 251 1878 esse?
276 1813 373 1878 etiam
397 1812 622 1892 sacerdotium,
652 1813 737 1896 quod
765 1813 796 1877 in
825 1813 916 1878 nobis
945 1812 1109 1876 adnullare
1133 1811 1225 1876 uisus

84 1937 112 1984 es
142 1919 174 1983 in
208 1920 410 1985 excusatione
444 1921 556 1985 erroris
590 1923 624 1985 et
653 1921 765 1986 liuoris
798 1920 913 2000 uestri,
953 1920 1029 1983 dum
1061 1922 1136 2003 post
1167 1937 1225 1983 nos

82 2026 278 2108 rebaptizatis
297 2029 422 2110 etpost
444 2027 548 2093 socios
571 2030 698 2092 uestros
721 2027 753 2091 in
772 2030 903 2110 peccato
924 2027 1065 2092 detectos
1085 2027 1225 2092 huonon

48 2157 67 2196 1⁵
83 2133 190 2198 facitis.
217 2134 324 2200 dixisti
357 2135 451 2213 enim,
481 2135 576 2217 quod,
606 2135 633 2200 si
662 2135 809 2201 sacerdos
837 2135 870 2199 in
897 2138 1028 2217 peccato
1057 2134 1109 2213 sit,
1139 2133 1225 2199 solae

83 2241 201 2322 possint
226 2241 316 2306 dotes
341 2242 471 2325 operari.
495 2242 605 2327 igitur,
630 2242 706 2324 quia
729 2241 908 2318 docuimus,
933 2241 1065 2323 etquid
1089 2241 1132 2306 sit
1153 2240 1226 2303 hae·

84 2347 156 2412 resis
180 2348 314 2431 etquid
338 2349 381 2413 sit
404 2349 522 2414 scisma
546 2349 677 2431 etquid
701 2349 744 2413 sit
768 2351 877 2414 sancta
905 2348 1049 2426 ecclesia,
1075 2351 1107 2413 et
1129 2347 1225 2412 huius

86 2457 206 2520 sanctae
236 2455 390 2520 ecclesiae
420 2459 470 2520 est
497 2456 674 2521 oonst'tnta
700 2475 835 2539 persona
862 2458 895 2520 et
921 2455 1003 2519 hanc
1026 2474 1096 2520 esse
1120 2454 1226 2519 setho·
1266 2487 1267 2491 =

84 2561 183 2640 licam,
208 2581 290 2645 quae
315 2563 413 2627 sitin
436 2565 505 2628 toto
530 2564 604 2628 orbe
627 2565 783 2628 terrarum
811 2562 935 2641 diffusa,
965 2561 1057 2627 cuius
1084 2562 1227 2626 membra

50 2689 70 2726 00
89 2669 117 2730 et
137 2688 193 2733 nos
217 2668 301 2733 inter
324 2670 403 2734 alios
427 2688 551 2748 sumus,
572 2669 663 2734 cuius
684 2670 774 2735 dotes
794 2670 877 2752 apud
895 2670 984 2734 illam
1003 2669 1120 2751 ubique
1140 2669 1226 2733 sunt.

86 2773 190 2839 deinde
214 2775 247 2840 in
269 2775 372 2859 primo
395 2776 477 2841 libro
501 2776 707 2859 probauimus
731 2776 771 2841 ad
793 2795 851 2842 nos
875 2795 937 2842 non
955 2775 1112 2859 pertinere
1130 2775 1226 2839 tradi-

87 2877 176 2945 tionis
200 2881 354 2946 inuidiam
380 2885 412 2946 et
434 2883 495 2948 hoc
519 2883 637 2948 crimen
662 2884 757 2947 etiam
782 2903 800 2947 a
822 2884 914 2948 nobis
938 2903 1007 2948 esse
1032 2883 1227 2946 damnatum.

127 2986 176 3050 10.
201 2986 270 3050 Iam
294 2987 376 3051 illud
402 2987 483 3052 mihi
506 2989 581 3053 uolo
603 2988 806 3070 respondeas,
832 3007 888 3052 cur
910 2987 948 3052 de
973 2987 1050 3052 solis
1074 2986 1226 3052 ecclesiae

87 3089 208 3156 dotibus
231 3093 321 3175 loqui
344 3094 478 3159 uoluisti
502 3096 534 3159 et
558 3094 596 3158 de
621 3094 739 3159 sanctis
765 3095 833 3159 eius
856 3095 1008 3159 membris
1038 3113 1073 3158 ac
1097 3093 1227 3158 uisceri-

117 3364 129 3415 1
159 3363 263 3433 deesse]
292 3381 350 3418 csse
376 3365 402 3419 G
516 3366 532 3418 2
561 3366 605 3419 uel
634 3383 692 3420 sero
717 3368 778 3435 uos]
806 3383 855 3420 uos
878 3367 1012 3420 seruosG
1103 3366 1225 3420 31011100

85 3451 176 3506 fractos
194 3453 282 3508 RBob
357 3453 830 3524 auitae(uorr.o'.mp.m.2)1t
884 3454 1030 3508 tasonte
1050 3455 1227 3509 concisumB

86 3557 137 3594 esse
161 3542 236 3612 origo
259 3543 320 3596 cdd.
378 3542 481 3613 bqnia
499 3544 531 3597 cb
605 3544 702 3597 arbona
724 3561 798 3597 ramo
824 3545 964 3598 concidurn
982 3545 1018 3608 B,
1039 3545 1118 3598 arbor
1135 3560 1226 3597 ramus

85 3631 198 3684 concisus
216 3631 242 3685 G
315 3631 403 3684 liam
415 3632 471 3685 RB
544 3633 632 3686 8iam
646 3632 807 3686 aasentisG
880 3636 908 3687 te
924 3639 988 3686 crate
1006 3650 1109 3702 argum.
1130 3631 1226 3688 0006

84 3720 99 3771 9
117 3736 173 3773 cum
191 3721 347 3790 probatum]
367 3722 570 3790 comprobatum
591 3721 617 3775 G
688 3739 737 3775 nos
758 3725 828 3792 esse]
846 3740 900 3776 nou
920 3739 978 3776 esse
996 3722 1029 3788 G,
1049 3737 1128 3774 nosse
1147 3721 1225 3788 Dap.

85 3807 114 3860 10
133 3809 264 3863 catholica
283 3813 378 3863 sancta
390 3811 419 3863 B
489 3828 544 3864 non
563 3814 606 3865 est
621 3810 647 3864 G
702 3811 735 3864 12
749 3811 778 3864 in
792 3811 869 3865 uobis
889 3811 1029 3865 adnullare
1043 3812 1078 3878 P,
1098 3810 1132 3863 ad
1150 3810 1226 3863 nulla

83 3899 210 3952 reuisuso
227 3898 331 3964 (Cocbl.
348 3899 445 3978 coaice.
460 3899 600 3954 adnullare
612 3900 699 3968 nisus)
757 3900 790 3954 13
802 3901 990 3955 inexecncione
1005 3901 1031 3952 B
1088 3899 1121 3952 14
1135 3899 1226 3969 bapti·

85 4014 146 4067 zara
167 4013 193 4067 c
282 4014 318 4067 10
335 3981 443 4068 uersat
469 4015 489 4081 (0
511 4030 532 4068 s.
560 4015 577 4068 0.
597 4032 631 4068 m.
651 4018 681 4082 a)
700 4015 729 4070 a
819 4016 853 4069 17
874 4015 940 4086 quid
962 4018 1091 4069 sanctae
1182 4031 1225 4069 ec-

86 4101 161 4154 clesia
179 4105 273 4156 sancta
294 4102 321 4157 G
377 4103 409 4157 18
427 4103 497 4157 hanc
516 4106 637 4158 sanctam
652 4105 680 4157 B
754 4105 786 4158 19
805 4105 834 4158 in
852 4108 911 4158 toto
931 4105 968 4158 sit
987 4105 1021 4158 ob
1093 4107 1225 4160 terrarum

87 4189 143 4242 orbe
166 4191 227 4258 (cfr.
244 4208 274 4258 p.
293 4191 337 4257 47,
359 4191 402 4259 16)
426 4191 481 4244 ΡΒ
582 4192 624 4246 dis
644 4192 745 4246 iusaB
836 4192 871 4247 20
889 4191 1043 4254 interralios
1064 4194 1089 4261 (r
1107 4195 1226 4248 alterum

87 4281 214 4345 mpuact.)
243 4279 270 4332 B
360 4280 393 4333 21
422 4281 558 4350 pestinere
588 4281 651 4348 (so'c)
680 4283 707 4335 B
798 4281 832 4335 23
864 4283 927 4335 uolo
954 4283 1023 4335 mihi
1050 4283 1079 4336 P
1168 4285 1225 4353 cur]

89 4367 179 4420 eumd
