3148 5020
266 439 368 506 XLVI
731 439 949 496 Praefatio.

267 635 389 700 sionem
410 654 542 719 eamque
558 653 593 700 ex
611 635 765 700 librorum
784 635 845 700 lide
864 635 1077 718 probatiorem
1095 635 1224 702 reddere
1243 636 1414 715 nitebatur,

266 741 418 808 nonnulla
441 741 575 808 aliorum
597 741 736 826 ingenio,
768 741 964 820 diuinatiom,
989 741 1127 808 acumini
1148 743 1304 808 reseruari
1326 742 1414 808 uide·

265 848 394 924 buntur,
432 847 518 931 quod
553 866 646 914 nemo
684 848 745 914 sibi
783 848 886 933 magis
922 849 1117 930 persuaserit
1153 867 1249 932 quam
1286 851 1414 934 egomet

265 953 355 1020 mibi.
378 953 435 1020 sed
458 954 486 1019 si
508 972 564 1037 pro
588 973 660 1020 mea
681 957 770 1038 parte
794 955 1028 1038 aliquantulum
1052 956 1214 1022 contulero
1239 955 1279 1020 ad
1302 954 1413 1038 Optati

265 1059 372 1126 studia
403 1060 593 1139 renouando,
627 1063 677 1126 sat
708 1080 865 1144 superque
897 1062 1019 1128 fructus
1061 1061 1228 1146 laudisque
1261 1082 1312 1128 me
1343 1080 1413 1145 per-

265 1167 388 1250 cepisse
412 1166 567 1251 gaudebo.

308 1273 376 1338 lam
400 1275 491 1358 grata
507 1273 733 1340 beneficiorum
751 1274 904 1340 memoria
923 1293 978 1342 eos
1002 1275 1153 1360 prosequi
1172 1275 1274 1352 decet,
1294 1274 1411 1358 quibus

263 1381 388 1462 praeter
416 1379 500 1446 uiros
529 1379 732 1446 doctissimos
761 1399 819 1446 suo
848 1401 1007 1465 quemque
1034 1382 1105 1448 loco
1133 1381 1281 1448 laudatos
1310 1399 1412 1464 neque

263 1485 398 1551 consilio
426 1503 528 1569 nequo
557 1503 651 1569 opera
678 1486 757 1552 mihi
785 1506 925 1571 unquam
954 1488 1065 1554 deesse
1097 1487 1230 1571 placuit.
1263 1487 1410 1570 inprimis
1531 1567 1536 1577 ι

265 1590 426 1658 Guilelmo
455 1592 494 1658 de
521 1593 654 1658 Hartei
687 1594 783 1658 huius
813 1593 960 1677 opusculi
988 1597 1021 1660 et
1049 1594 1172 1660 auctori
1200 1597 1233 1659 et
1260 1594 1410 1672 adiutori,

264 1699 319 1781 qui
350 1699 453 1763 multa
479 1697 512 1764 in
540 1719 590 1764 me
622 1699 810 1783 iampridem
839 1701 963 1765 conlata
994 1699 1148 1766 beneficia
1178 1699 1342 1766 beneficiis
1373 1700 1411 1764 do

262 1804 387 1889 integro
411 1806 573 1886 cumulare
597 1825 660 1872 non
684 1807 818 1882 destit't
843 1806 977 1873 memori
1004 1807 1120 1890 piaque
1143 1810 1250 1872 mente
1274 1806 1412 1890 gratiam

261 1910 360 1976 debeo
384 1911 624 1994 amplissimam.
653 1912 807 1997 singulari
830 1931 924 1996 opera
948 1916 981 1978 et
1003 1913 1162 1978 indefessa
1185 1911 1411 1978 commoditate

260 2017 416 2100 Iosephus
455 2017 579 2102 Zycha
610 2018 642 2083 in
675 2019 815 2104 plagulis
849 2017 1042 2103 corrigendis
1075 2022 1108 2084 et
1139 2017 1411 2084 admonitionibus

261 2126 295 2187 et
330 2123 603 2190 emendationibus
636 2125 794 2192 amicitiae
826 2143 958 2190 munera
990 2128 1040 2192 sat
1072 2126 1176 2190 multa
1205 2127 1238 2190 et
1269 2124 1411 2208 pretiosa

260 2229 409 2310 expleuit.
442 2233 603 2312 praeterea
635 2249 694 2296 sua
725 2232 859 2315 quisque
893 2231 1041 2298 comitate
1074 2230 1242 2314 officioque
1273 2249 1325 2296 me
1358 2231 1411 2295 de-

260 2333 428 2398 uinxerunt
441 2334 477 2398 E.
495 2333 678 2413 Gottlieb
693 2338 730 2405 A.
751 2336 933 2417 Haberda‚
950 2337 981 2404 S.
1001 2337 1141 2415 liciter,
1161 2337 1200 2403 Α.
1215 2337 1409 2415 Swoboda‚

256 2458 337 2522 quos
357 2458 466 2507 omnes
487 2461 522 2505 ex
541 2442 647 2508 uerbis
665 2443 784 2525 pressis
803 2443 1017 2527 tenuibusque
1036 2447 1162 2528 matum
1182 2443 1325 2508 animum
1345 2461 1408 2508 non

256 2563 421 2612 mansuros
454 2565 524 2612 esse
561 2546 694 2613 confido.
733 2567 835 2631 neque
876 2549 982 2614 minus
1019 2548 1050 2614 in
1088 2568 1139 2614 me
1180 2548 1409 2615 beneficiorum

257 2651 394 2716 contulit
412 2671 439 2718 o.
457 2673 482 2718 r.
503 2653 663 2720 academia
681 2655 858 2720 litterarum
875 2656 1141 2736 Uindoboneusis‚
1156 2675 1183 2720 o.
1199 2675 1223 2722 r.
1245 2675 1407 2720 summum

255 2757 480 2836 Ministerium
504 2760 698 2827 bibliotheca
729 2761 898 2827 rationalis
930 2762 1082 2839 Parisina
1112 2761 1227 2845 quibus
1262 2760 1407 2827 subsidia

256 2863 365 2928 critica
383 2883 509 2930 summa
525 2866 717 2932 liberalitate
732 2867 812 2932 mihi
827 2868 1031 2952 suppeditata
1050 2869 1161 2934 debeo.
1181 2868 1305 2934 utinam
1324 2886 1406 2950 quae

257 2968 438 3038 Gerhardus
471 2973 598 3056 quidam
630 2975 797 3041 Lorichius
824 2976 857 3040 in
891 2973 1000 3058 Optati
1026 2975 1154 3041 laudem
1187 2977 1219 3040 et
1246 2993 1406 3041 commen-

256 3075 416 3144 dationem
440 3079 516 3144 olim
540 3080 665 3160 cecinit,
689 3085 723 3146 et
744 3082 795 3148 his
818 3082 931 3148 diebus
955 3083 1122 3147 eueniant:

433 3186 481 3252 En
504 3188 595 3253 uenit
618 3185 756 3270 Optatus
781 3191 890 3270 optato
913 3192 1055 3272 tempore
1079 3192 1187 3256 nostro

476 3292 635 3359 Haereses
660 3294 814 3360 aduersus
839 3296 991 3380 dogmata
1014 3314 1103 3360 sacra
1126 3295 1240 3362 ferens.

297 3516 419 3582 Dabam
436 3517 643 3584 Uindobonae
662 3538 772 3587 menso
786 3520 956 3586 Februario
972 3520 1045 3586 anni
1059 3519 1404 3587 MDGCGLXXXXIII

933 3820 1080 3892 Carolus
1107 3820 1238 3896 Ziwso.
