3148 5020
725 412 941 468 Praetatio.
1343 413 1406 480 VII
1507 493 1510 498 Ι

255 609 330 676 375.
355 608 504 676 nimirum
528 629 703 694 repugnare
727 609 855 676 uidetur
878 609 983 676 Siricii
1001 609 1259 676 commemoratio
1283 610 1315 676 in
1339 610 1403 692 epi·

255 734 425 799 scaporum
457 717 671 782 Romanorum
705 717 849 802 catalogo
883 715 930 802 (p.
965 718 1019 796 37,
1052 714 1118 802 11),
1152 735 1247 799 quem
1279 735 1307 780 a.
1338 718 1402 784 385

255 822 438 888 cathedram
470 823 557 888 Petri
590 822 767 890 obtinuisse
800 823 932 890 scimus.
967 823 1023 888 sed
1054 822 1114 890 hae
1146 822 1185 888 de
1207 841 1240 888 re
1272 823 1403 890 uberius

254 930 350 1010 paulo
381 927 462 995 infra
490 929 614 996 dicendi
640 929 731 1012 copia
755 930 824 996 erit.
849 930 985 1012 denique
1008 929 1091 994 inter
1114 929 1280 1012 episcopos
1303 929 1403 1012 partis

255 1035 450 1101 Donatianae
487 1039 686 1119 postremum
723 1036 825 1102 adfert
857 1035 995 1119 Optatus
1029 1035 1239 1102 Claudianum
1271 1035 1404 1102 Luciani

254 1141 456 1209 decessorem
479 1142 528 1229 (a.
554 1145 607 1223 39,
633 1142 677 1228 8),
702 1162 797 1226 quem
820 1143 939 1210 Romae
964 1162 982 1208 a
1006 1143 1073 1208 suis
1097 1142 1283 1226 episcopum
1307 1141 1403 1206 desti-

254 1251 366 1314 natum
384 1249 502 1316 unisse
523 1269 558 1314 er
574 1251 712 1332 epistula
729 1252 819 1334 patet
837 1250 875 1316 ad
892 1249 1079 1316 Gratianum
1098 1252 1131 1313 et
1144 1247 1403 1316 Ualentiniaunm

256 1354 463 1439 imperatores
488 1356 618 1436 directa,
643 1357 728 1440 quod
751 1375 825 1422 cum
847 1375 874 1422 a.
900 1357 965 1422 380
990 1357 1169 1438 competere
1192 1354 1331 1421 uidetur.
1352 1351 1403 1439 (cte

253 1460 448 1543 elacaotopa'a
470 1462 528 1546 cfr.
554 1462 716 1527 Tilleraoat
738 1463 906 1530 memorres
926 1461 981 1542 Vl,
1006 1462 1046 1526 61
1068 1461 1091 1524 ta
1110 1459 1200 1547 307).
1225 1479 1305 1542 quae
1329 1478 1402 1526 cum

253 1568 299 1631 ita
318 1567 392 1646 sint,
412 1568 499 1634 haud
518 1570 584 1636 scio
604 1589 643 1636 an
663 1568 809 1654 Optatus,
825 1570 879 1653 qui
896 1568 1000 1636 siricii
1019 1571 1052 1634 et
1069 1567 1241 1634 Theodosii
1259 1569 1403 1650 tempora

253 1677 365 1755 procul
393 1673 606 1764 dubio-uidit,
629 1677 712 1742 intra
735 1695 832 1742 annos
856 1675 1156 1742 375—3851ibros
1180 1692 1256 1738 suos
1280 1673 1401 1755 publici

253 1779 331 1846 iuris
355 1781 472 1852 feeerit
498 1782 555 1848 sed
578 1782 646 1848 dies
669 1782 723 1847 uel
746 1799 857 1860 annus,
881 1800 944 1864 qno
967 1783 1073 1860 natus,
1093 1800 1155 1864 quo
1175 1783 1321 1846 mortuus
1341 1782 1399 1858 est,

254 1905 292 1950 ne
316 1887 453 1954 strictim
478 1888 608 1972 quidem
629 1889 762 1972 proferri
785 1892 904 1972 potest.
1373 1956 1374 1960 ,

300 1991 435 2076 Scripsit
457 2015 482 2060 s.
508 1993 645 2079 Optatus
679 1997 788 2061 contra
809 1995 1054 2062 Parmenianum
1076 1993 1174 2058 libros
1208 2011 1294 2070 suos,
1319 2011 1399 2074 quos
1414 1991 1491 2084 ἣξςξξῑ

254 2102 287 2162 et
310 2103 438 2168 anctore
471 2105 597 2168 mortuo
631 2102 792 2168 obliuione
819 2103 950 2168 minime
979 2103 1110 2168 obrutos
1134 2117 1205 2166 esse
1228 2098 1323 2164 testis
1347 2099 1401 2163 uel

254 2205 464 2288 grauissimus
476 2209 600 2275 exsistit
610 2229 635 2274 s.
645 2208 857 2292 Augustinus,
868 2227 1028 2292 perquem
1038 2205 1400 2289 compertumhahemus

254 2311 363 2394 Optati
385 2313 484 2380 libros
508 2316 599 2380 uelut
620 2316 792 2382 memoriae
815 2315 937 2380 fontem
960 2314 1046 2380 adire
1070 2314 1183 2380 solitos
1208 2331 1279 2378 esse
1311 2312 1399 2395 ipsos

255 2419 441 2486 Donatistae
472 2421 505 2486 in
539 2422 709 2488 collatione
743 2421 934 2507 Carthagine
963 2441 990 2486 a.
1024 2421 1086 2485 411
1119 2419 1229 2486 habita
1255 2421 1399 2502 petentes

259 2521 408 2604 Optatam
434 2525 501 2608 lepe',
530 2529 613 2608 qaod
639 2532 669 2592 et
698 2522 771 2592 cate
792 2529 975 2609 pettamaat
991 2576 998 2592 .
1015 2575 1047 2595 ..
1077 2523 1224 2606 Optatam
1244 2545 1320 2588 aero
1343 2525 1401 2607 tcye'

253 2631 349 2696 matta
358 2632 744 2715 iastaate'asflapc'tabaat.
757 2681 784 2698 ..
799 2633 964 2698 maritatas
974 2636 1019 2696 est
1032 2630 1165 2714 Opertae
1174 2653 1200 2696 e.
1210 2653 1239 2716 q.
1250 2651 1276 2696 s.
1287 2631 1398 2698 breare.

253 2736 317 2802 cett.
343 2740 396 2819 30,
422 2740 463 2806 38
489 2739 562 2823 (cfr⁸
581 2738 664 2822 Aac.
685 2759 731 2820 ep.
754 2740 829 2817 161,
850 2740 884 2803 9:
903 2739 1105 2821 protelasset
1130 2739 1237 2818 primo
1269 2737 1399 2802 codicem

258 2841 374 2924 Optata}
398 2845 480 2910 aade
502 2847 595 2927 qaasa'
611 2845 784 2926 protereret
808 2840 1024 2910 Camiliaaam
1046 2844 1084 2908 ah
1106 2845 1291 2925 imperatore
1314 2843 1400 2906 dam-

253 2955 372 3017 aetam.
396 2953 451 3033 qai
475 2953 568 3017 coclea
590 2973 660 3018 cam
685 2956 795 3018 contra
821 2951 889 3016 r'ltos
921 2951 1070 3033 teperetar
1095 3003 1100 3016 .
1128 2949 1227 3018 ..aa
1259 2949 1400 3014 amathas

252 3058 311 3122 ra'sr'
332 3062 423 3136 saat;
442 3059 489 3126 ad
510 3057 628 3126 Ducat.
648 3063 723 3140 post
744 3058 810 3125 coll.
835 3059 889 3138 31,
915 3060 971 3134 54;
997 3057 1135 3138 capitata
1154 3060 1311 3139 posteram
1333 3054 1398 3120 cott.

253 3161 438 3246 (httrapta
469 3167 544 3243 375,
574 3165 762 3243 477-484,
791 3167 867 3242 488,
890 3166 972 3244 489,
1007 3165 1194 3241 sss-534,
1229 3163 1305 3241 537,
1334 3162 1398 3226 538

251 3307 295 3316 -
310 3269 379 3353 My.
403 3272 458 3350 XI,
476 3273 560 3338 1251
585 3273 657 3355 sp).
677 3272 813 3338 eundern
836 3272 930 3336 illum
945 3270 1189 3336 Parmenianum
1213 3268 1399 3352 episcopum

250 3377 451 3444 Donatistam
486 3378 777 3463 Carthaginensem,
812 3378 904 3444 cuius
937 3378 1109 3460 epistulam
1142 3375 1183 3440 ad
1209 3374 1398 3440 tichonium

249 3481 451 3568 Augustinus
492 3484 620 3563 refellit,
654 3485 823 3550 ecclesiam
869 3485 1060 3550 catholicam
1100 3484 1288 3549 tractatibus
1330 3485 1398 3552 suis

250 3591 379 3676 indigne
411 3593 558 3676 pulsasse
593 3590 730 3673 Optatus
763 3592 906 3675 queritur
937 3590 986 3676 (p.
1025 3593 1056 3669 6,
1096 3589 1150 3676 18)
1189 3609 1288 3673 eoque
1329 3609 1398 3674 per-

250 3699 357 3764 motus
400 3699 534 3766 consilio
577 3701 734 3766 calamum
778 3700 931 3784 sumpsit,
968 3702 1006 3763 nt
1047 3699 1179 3766 cumina
1215 3700 1248 3762 in
1290 3699 1397 3764 catho-

249 3804 330 3871 licos
377 3807 502 3872 conlata
546 3807 728 3890 repelleret,
772 3807 1012 3872 Donatistarum
1058 3825 1177 3871 errores
1220 3803 1396 3888 detegeret,

194 3939 197 3945 ·
248 3911 336 3995 ipsos
370 3912 409 3978 ad
442 3914 697 3980 communionem
729 3913 947 3996 unitatemque
973 3914 1147 3978 reuocaret.
1176 3912 1312 3990 Donato,
1342 3912 1397 3995 qui

250 4016 365 4084 dicitur
391 4019 541 4104 Magnus,
570 4023 695 4086 mortuo
723 4020 950 4086 Parmenianus
974 4039 992 4084 a
1014 4019 1194 4085 Donatistis
1226 4019 1395 4103 episcopus

250 4125 507 4210 Carthaginensis
525 4126 630 4192 factus
650 4128 700 4192 est
717 4127 772 4208 (de
791 4127 859 4190 etas
877 4127 1073 4190 ordinatiore
1091 4126 1147 4209 cfr.
1160 4147 1197 4207 p.
1213 4127 1267 4205 44,
1285 4128 1301 4189 1
1319 4124 1393 4211 sq.);

248 4231 349 4297 fuisse
372 4235 479 4298 autem
502 4232 594 4298 illum
617 4233 818 4318 peregrinum
838 4252 874 4298 ex
893 4232 1005 4316 Optati
1022 4233 1129 4299 uerbis
1153 4236 1251 4298 claret
1273 4231 1321 4318 (p.
1341 4233 1393 4307 44,

250 4339 305 4414 11;
332 4339 384 4416 73,
410 4340 465 4423 12)
491 4342 584 4421 atque
607 4342 762 4404 tractatus
792 4358 868 4404 suos
896 4339 928 4403 in
956 4339 1102 4404 manibus
1126 4342 1159 4404 et
1181 4339 1213 4403 in
1238 4357 1291 4403 ore
1314 4337 1395 4404 mul-
