3052 5012
415 399 534 453 Liber
559 402 733 470 quartus,
754 418 775 454 c.
795 401 874 454 4-5.
1160 401 1222 466 107

91 599 304 660 testamentum
341 597 455 662 recitas
494 599 525 660 et
562 599 787 662 testamentum
830 617 890 662 non
933 615 1052 674 seruas,
1091 596 1123 658 in
1160 614 1224 676 quo

91 703 235 786 descripta
259 708 309 768 est
332 704 520 787 disciplina?

126 813 155 876 ὅ.
172 810 276 875 Eleoti
299 812 387 887 estis,
412 812 467 894 qui
490 811 636 876 sedentes
659 812 814 895 populum
838 810 989 889 doceatis,
1010 813 1041 874 et
1060 810 1224 875 detrahitis

90 917 169 981 nobis
192 917 303 999 utiquo
326 917 476 981 fratribus
500 917 628 982 uestris.
654 917 813 999 quoniam,
838 917 924 982 sicut
947 935 1043 1000 supra
1066 917 1139 996 dixi,
1163 936 1234 998 una

66 1043 157 1114 5111-
161 1026 268 1121 Q
301 1024 436 1089 ecclesia
467 1025 587 1107 genuit,
614 1043 703 1114 *unus
737 1043 793 1112 nos
823 1024 901 1088 deus
925 1027 1014 1107 pater
1037 1023 1259 1112 excepitstetff

90 1134 183 1222 tamen
208 1115 909 1214 scaffiamwrffiffiQmmmmandando
935 1131 1080 1212 singulis,
1105 1150 1144 1194 ne
1168 1150 1225 1194 nos

91 1217 227 1312 suardio,
252 1234 291 1302 ne
316 1257 334 1301 a
357 1225 454 1302 nobis*
473 1237 688 1321 dignationem
714 1238 879 1321 accipiant.
909 1237 1105 1303 considerate
1129 1238 1226 1302 uerba

91 1343 242 1427 superbiae
266 1347 402 1420 uestrae,
427 1344 623 1409 considerate
651 1347 817 1421 tractatus,
847 1343 1043 1409 considerate
1067 1344 1225 1422 mandata,

91 1455 171 1529 actus
207 1469 332 1533 quoque
370 1454 494 1516 uestros
532 1452 689 1516 reuoluite
729 1454 761 1515 et
796 1450 967 1515 inuenietis
1015 1451 1122 1515 oleum
1172 1469 1225 1514 ue-

57 1562 182 1622 ostrum
218 1558 375 1637 timuisse,
415 1558 468 1640 qui
505 1559 647 1642 rogabat.
681 1560 789 1623 nullus
823 1561 966 1624 uestrum
1000 1560 1059 1637 est,
1086 1557 1225 1640 quinon

92 1666 224 1731 conuicia
255 1670 363 1731 nostra
395 1665 462 1730 suis
496 1665 683 1731 tractatibus
712 1666 855 1743 misceat,
885 1666 939 1748 qui
966 1685 1028 1730 non
1057 1669 1113 1730 aut
1140 1665 1227 1730 aliud

90 1772 187 1837 initiet
217 1774 273 1837 aut
305 1771 391 1837 aliud
429 1772 573 1854 explicet.
614 1773 768 1837 lectiones
806 1772 979 1838 dominicas
1016 1773 1156 1854 incipitis
1195 1775 1227 1836 et

92 1881 236 1943 tractatus
272 1881 398 1942 uestros
441 1877 480 1940 ad
521 1882 645 1944 nostras
687 1879 817 1944 iniurias
860 1880 1037 1962 explicatis;
1079 1879 1225 1963 profertis

92 1985 283 2068 euangelium
317 1987 348 2048 ct
384 1982 488 2049 facitis
527 1986 650 2051 absenti
686 1986 775 2052 fratri
811 1987 1007 2061 conuicium;
1046 1986 1226 2051 auditorum

58 2110 75 2147 n
93 2090 195 2155 animis
230 2091 398 2156 infunditis
440 2092 521 2170 odia,
558 2093 742 2158 inimicitias
781 2093 921 2158 docendo
959 2093 1110 2170 suadetis,
1148 2093 1226 2158 baec

93 2198 188 2262 omnia
219 2197 350 2264 dicendo
384 2202 493 2264 contra
524 2220 582 2266 nos
615 2201 764 2266 scandala
795 2201 923 2285 ponitis.
949 2220 1023 2285 ergo
1056 2201 1227 2282 unicuique

93 2307 224 2368 uestrum
261 2304 383 2369 dictum
423 2309 486 2370 est:
530 2306 665 2370 sedens
708 2306 892 2371 aduersus
929 2305 1084 2371 fratrem
1122 2309 1227 2370 tuum

94 2411 287 2476 denotabas
322 2415 359 2476 et
391 2412 574 2478 aduersus
608 2413 735 2478 filium
767 2414 899 2478 matris
937 2416 1024 2478 tuae
1061 2415 1227 2496 ponebas

95 2518 312 2586 scandalum.
346 2519 422 2584 dum
454 2523 653 2603 peccatorem
691 2522 797 2606 arguit
829 2524 861 2585 et
895 2521 1056 2586 sedentem
1089 2520 1230 2603 increpat

58 2643 78 2680 ao
95 2623 174 2700 dens,
197 2626 376 2708 specialiter
391 2626 430 2690 ad
449 2646 508 2691 uos
528 2627 649 2691 dictum
668 2646 738 2692 esse
758 2631 893 2706 constat,
918 2647 979 2692 non
1004 2627 1043 2691 ad
1065 2628 1229 2711 populum,

95 2730 143 2811 qui
172 2731 203 2795 in
236 2732 371 2797 ecclesia
407 2752 468 2798 non
506 2734 625 2798 babent
661 2734 790 2799 sedendi
822 2735 996 2798 licentiam.
1029 2734 1120 2798 uides
1155 2753 1229 2817 ergo

94 2839 194 2918 procul
217 2838 312 2902 dubio
342 2838 434 2904 uobis
463 2839 601 2922 inputari
630 2840 753 2917 debere,
779 2859 850 2904 cum
875 2840 952 2904 dicit
976 2839 1068 2904 deus:
1095 2839 1230 2904 sedens

96 2945 266 3010 aduersus
295 2946 421 3009 filium
450 2947 583 3010 matris
607 2949 693 3011 tuae
717 2948 884 3029 ponebas
909 2947 1095 3011 scandala.
1135 2965 1231 3010 unam

95 3055 217 3116 matrem
239 3073 297 3118 nos
321 3053 435 3118 babere
463 3054 526 3117 iarn
550 3053 667 3119 totiens
701 3055 892 3138 conprobaui
928 3073 987 3119 nec
1023 3073 1082 3119 uos
1116 3073 1231 3137 negare

137 3323 165 3420 ip,
178 3328 209 3380 17
228 3326 251 3380 s
269 3327 303 3380 m
322 3327 367 3381 rs.
385 3328 430 3391 49,
448 3328 483 3380 ao

130 3520 141 3572 1
157 3523 318 3574 testamento
338 3537 391 3573 non
411 3522 496 3574 seruis
509 3520 535 3574 G
555 3521 615 3587 (sed
633 3522 682 3588 cfr.
696 3538 726 3588 p.
743 3521 803 3584 106,
826 3523 849 3574 1.
869 3521 911 3588 2);
931 3520 975 3573 hic
993 3525 1031 3572 est
1050 3519 1117 3573 ordo
1140 3519 1172 3571 in
1197 3519 1230 3572 d:

96 3609 280 3662 testamentum
317 3609 496 3662 recitas-est
532 3608 687 3678 discipline:
726 3607 859 3677 quomodo
897 3606 1103 3660 dicis-babeas
1138 3623 1231 3673 pacem

99 3697 136 3762 (p.
150 3697 205 3765 106,
219 3699 264 3765 21)
319 3698 335 3751 3
349 3697 441 3766 electi]
458 3698 523 3750 lecti
537 3698 635 3751 coniec.
653 3695 773 3750 Casoub.
791 3697 818 3763 (i.
835 3712 857 3749 e.
875 3696 1012 3765 ‘scriptum
1028 3697 1070 3748 est
1085 3695 1117 3747 de
1132 3694 1229 3762 unbis')

97 3785 112 3838 8
137 3787 263 3841 tractatus
291 3787 421 3840 mandata
438 3787 510 3842 RBo
586 3789 753 3855 {lectusque
772 3787 799 3839 B
873 3788 901 3838 et
920 3801 970 3838 om.
990 3784 1078 3839 RBob
1134 3786 1162 3836 et
1188 3784 1229 3836 in·
1294 3765 1306 3786 ⁶

98 3875 288 3947 nemetis-qui
315 3874 431 3944 rogabat
463 3875 514 3928 dcl.
543 3876 618 3942 Dup.
652 3891 723 3943 quac
744 3891 803 3927 non
828 3873 1001 3928 cohaererent
1034 3888 1094 3932 mon
1121 3887 1232 3939 praecc-

99 3963 454 4033 dentibusautacqncnte'boa
482 3965 513 4017 11
526 3967 634 4018 autom.
652 3963 694 4018 Gb
733 3964 883 4017 minitere
898 3963 1002 4032 (serape.
1021 3961 1110 4015 Cocbl.
1131 3963 1230 4027 mutet)

100 4055 151 4122 aut]
181 4059 207 4108 et
236 4053 278 4108 Gb
390 4055 422 4107 15
454 4053 557 4106 animas
581 4052 694 4122 infigitis
717 4052 789 4107 RBu
879 4050 940 4104 odio
967 4066 984 4103 o
1073 4048 1232 4102 inimicitias

100 4141 225 4196 suadendo
256 4142 370 4209 (docetis
399 4142 464 4196 add.
492 4141 604 4211 Barth.)
634 4140 754 4194 docendo
780 4139 939 4194 suadetiso
1013 4137 1046 4192 18
1071 4137 1232 4206 denotabas]

101 4228 250 4285 detrahebas
274 4231 292 4286 d
321 4233 385 4299 (cfr.
404 4248 435 4298 p.
463 4231 522 4294 105,
548 4231 591 4298 19)
668 4230 700 4283 19
721 4230 785 4283 dum
807 4225 1135 4300 peccatorem-ponebas
1155 4241 1232 4279 scan-

102 4315 157 4370 dala
175 4321 209 4386 (u.
228 4322 272 4390 23>
293 4336 344 4373 om.
366 4318 393 4372 G
465 4318 529 4372 dum
548 4334 599 4372 om.
619 4318 691 4373 RBc
745 4318 778 4370 21
798 4317 883 4370 babet
903 4316 963 4370 edd.
977 4320 1123 4383 praetera
