3064 5010
310 441 371 504 176
656 437 681 490 S.
711 437 850 507 optati
875 438 1110 492 Mileuitani

308 633 411 696 fuerat
439 633 476 696 de
506 634 631 698 nomine
663 633 781 698 Christi
810 633 1000 708 confectum,
1033 652 1119 697 more
1147 652 1335 701 muscarum.
1361 653 1424 715 quae

307 743 478 820 pereuntes
506 739 726 803 exterminant.
764 739 838 820 quia
869 758 954 802 mors
989 742 1038 803 est
1069 741 1248 821 peccatum.
1276 739 1354 820 quod
1377 760 1424 804 non

308 845 404 909 habet
426 846 669 931 indulgentiam.
707 846 862 927 scriptum
892 847 951 913 est,
981 845 1055 926 quia
1082 845 1145 926 qui
1173 847 1379 927 peccauerit
1397 847 1424 909 in
1503 863 1505 872 ’

310 952 487 1034 spiritum
523 956 710 1023 sanctum,
744 972 813 1016 non
846 952 1066 1016 remittetur
1104 951 1137 1014 ei
1171 969 1288 1032 neque
1314 951 1346 1014 iu
1371 952 1425 1016 hoc

308 1059 461 1122 saeculo
491 1078 610 1140 neque
639 1059 674 1122 in
704 1059 842 1123 futuro.
882 1078 955 1142 ergo
981 1077 1053 1123 cum
1078 1061 1109 1121 et
1132 1058 1213 1121 falso
1238 1079 1294 1123 nos
1320 1079 1456 1123 muscast

309 1165 475 1247 appelletis
500 1168 532 1228 et
556 1165 670 1236 omnia,
696 1185 775 1247 quae
800 1185 817 1227 a
840 1165 933 1230 nobis
956 1166 1047 1241 fiunt,
1072 1164 1249 1230 dissoluere
1275 1165 1425 1248 properetis

309 1274 341 1334 et
363 1291 420 1335 nos
446 1273 691 1336 contemnendos
716 1276 771 1336 aut
795 1271 1016 1354 despiciendos
1040 1271 1348 1364 essepdicatismobis
1365 1273 1425 1336 solis

308 1378 508 1442 sanctitatem
543 1379 765 1480 uindicantep.)
784 1379 997 1442 innocentiam
1030 1379 1206 1461 proponitis
1236 1382 1375 1451 uestram,
1399 1382 1427 1440 ut
1459 1429 1461 1438 ,

309 1485 502 1566 promittatis
526 1504 584 1549 uos
609 1486 711 1550 aliena
733 1505 828 1568 posse
852 1485 966 1549 donare
989 1488 1130 1568 peccata.
1154 1485 1245 1549 uides
1268 1485 1359 1567 igitur
1378 1503 1425 1547 non

310 1592 347 1654 de
380 1593 481 1669 nobis
514 1596 551 1655 ut
584 1592 765 1674 disputatis.
799 1591 855 1656 sed
888 1593 926 1655 de
958 1592 1051 1656 uobis
1085 1591 1201 1655 dixisse
1228 1591 1425 1655 beatissimum
1442 1616 1457 1651 n

310 1699 446 1762 Paulum
490 1701 686 1782 apostolum:
728 1703 851 1774 eruut,
894 1698 1011 1780 inquit,
1054 1698 1224 1762 homines
1268 1709 1304 1761 s‘e
1342 1697 1426 1778 ipsos

309 1813 487 1877 amantes,
513 1807 652 1889 cupidi,
678 1807 888 1889 gloriantes
918 1806 1002 1880 sibi,
1033 1805 1198 1887 superbi,
1228 1803 1426 1886 blasphemi,

308 1913 532 1992 parentibus
561 1934 630 1978 non
661 1914 918 1988 oboedientes,
948 1913 1101 1995 ingrati,
1132 1913 1298 1986 scelesti,
1321 1929 1426 1994 pacem

190 2076 193 2088 ,
309 2038 378 2082 non
404 2021 678 2089 custodientes¹
709 2021 788 2084 sine
818 2021 980 2096 adfectu,
1011 2020 1257 2094 deu-actores,
1285 2018 1426 2090 inmites,

310 2127 388 2192 sine
411 2128 661 2211 benignitate.
687 2131 720 2191 et
743 2131 857 2191 cetera.
1441 2144 1457 2180 n

353 2235 385 2298 ὃ.
410 2235 491 2311 Nam
515 2235 596 2298 illud
621 2235 713 2316 quale
739 2235 901 2314 estquod
925 2255 980 2318 pro
1005 2235 1132 2298 arbitrio
1156 2237 1212 2297 tuo
1232 2233 1333 2316 Mopsi
1353 2231 1427 2295 uobis
1507 2245 1508 2248 ’

308 2343 456 2424 inponere
474 2342 609 2406 uoluisti
627 2361 804 2424 personam,
825 2345 932 2405 contra
952 2361 1045 2422 quem
1065 2341 1206 2404 Iamnem
1227 2344 1259 2403 et
1276 2340 1427 2403 Mambrem

310 2447 474 2512 obstitisse
508 2453 734 2513 commemorat
771 2451 935 2530 apostolus
967 2447 1098 2512 Paulus.
1141 2447 1169 2511 si
1200 2447 1247 2510 ita
1279 2449 1334 2524 est,
1364 2462 1427 2526 quae

309 2554 392 2636 apud
420 2575 478 2619 uos
508 2555 626 2619 ueritas
654 2555 791 2620 inueniri
822 2557 939 2638 potest.
974 2555 1027 2618 cui
1059 2554 1216 2618 catholica
1244 2553 1365 2616 uidetur
1387 2550 1427 2612 ob-

307 2661 430 2729 sistere,
450 2663 505 2723 aut
524 2661 609 2742 quod
629 2662 712 2744 opud
732 2681 789 2725 nos
810 2681 879 2725 esse
899 2661 1098 2725 mendacium
1119 2661 1239 2742 poteris
1258 2658 1456 2742 adprobaretur

307 2767 336 2829 in
370 2786 433 2830 una
466 2769 686 2832 communione
720 2788 790 2832 esse
820 2788 892 2831 cum
920 2771 989 2832 toto
1018 2769 1092 2832 orbe
1120 2771 1273 2832 terrarum
1298 2761 1428 2844 numquid
1506 2749 1507 2764 ³

305 2874 423 2956 poteris
454 2873 624 2956 adprobare
653 2875 876 2938 mendacium?
910 2875 1088 2958 symbolum
1120 2892 1233 2937 uerum
1263 2875 1294 2936 et
1319 2871 1427 2934 unicum

305 2981 437 3043 retinere
463 2983 495 3044 et
518 2980 684 3046 defendere
708 2981 864 3064 numquid
886 2982 1006 3064 poteris
1031 2981 1204 3063 adprobare
1227 2977 1426 3043 mendacium?

305 3086 486 3150 cathedram
505 3088 592 3151 Petri
616 3091 647 3151 et
670 3088 778 3151 claues
797 3088 886 3171 regni
906 3090 1065 3152 caelorum
1084 3107 1102 3150 a
1121 3087 1249 3152 Christo
1270 3101 1425 3150 concessas.

393 3296 526 3350 aunon
547 3297 588 3354 12.
610 3298 643 3350 aa
718 3299 748 3350 n
768 3298 797 3350 11
816 3298 884 3353 urm.
903 3297 1042 3355 saue
1118 3290 1424 3352 lacfr.11'rin.3.8:

303 3385 429 3446 Exod7,
451 3388 481 3438 11

341 3511 351 3561 1
374 3526 447 3579 more
468 3511 532 3576 (sic)
552 3510 579 3564 R
634 3511 650 3563 2
670 3512 800 3582 perientis
818 3511 854 3571 R.
875 3511 1010 3580 perientes
1029 3510 1056 3563 B
1129 3511 1309 3564 exterminant
1326 3525 1370 3561 om.
1382 3502 1426 3557 RB

302 3597 318 3650 3
339 3598 401 3665 quia
420 3598 549 3667 scriptum
570 3602 611 3653 est
630 3601 676 3669 qui
695 3600 750 3654 RB
841 3599 970 3670 scriptum
990 3599 1096 3652 est-in
1114 3598 1206 3651 futuro
1226 3615 1259 3652 eo:
1277 3597 1388 3666 mospius
1402 3592 1426 3643 io

304 3692 406 3740 textum
424 3688 564 3755 irrepsisse
578 3689 697 3743 Coeant.
718 3689 785 3743 dicit
838 3690 856 3742 4
875 3689 911 3758 ci]
929 3688 971 3741 illi
983 3689 1039 3742 RB
1112 3704 1160 3741 nec
1179 3687 1222 3741 hic
1240 3705 1289 3740 nee
1308 3687 1333 3739 in
1350 3685 1425 3783 futuro¹

304 3801 392 3853 seculo
418 3801 484 3855 CGb
511 3804 571 3868 (sed
594 3804 643 3868 cfr.
666 3821 697 3872 p.
723 3805 783 3862 125.
810 3806 854 3870 15)
915 3803 1100 3873 6properstis
1118 3803 1175 3857 RB
1239 3795 1425 3871 7despiciendo
1504 3793 1505 3838 1

296 3901 328 3971 (⁸
347 3905 367 3942 s.
382 3890 399 3944 1,
413 3906 448 3942 m.
462 3891 534 3958 2)G
588 3893 786 3947 8uestrumG
840 3892 962 3961 9uides]
982 3893 1082 3946 uidetis
1096 3891 1155 3946 edd.
1228 3892 1313 3960 igitur
1325 3905 1369 3942 om.
1381 3883 1425 3938 RB

301 3979 508 4081 ¹1⁰⁰(insass)
530 3980 556 4033 G
612 3980 645 4034 10
664 3981 810 4050 disputasti
823 3981 879 4035 RB
952 3982 1139 4034 beatissimum
1158 3983 1244 4050 apost.
1263 3978 1369 4031 Paulum
1380 3971 1425 4026 RB

301 4095 333 4147 11
354 4093 450 4162 inquid
475 4097 556 4160 (corr.
579 4113 614 4149 m.
639 4099 671 4163 2)
696 4097 747 4150 Rc
836 4098 869 4151 14
893 4097 950 4150 sinc
979 4096 1132 4149 adfectione
1156 4095 1309 4159 (affectione
1330 4091 1364 4158 Β)
1381 4085 1424 4142 RB

301 4183 334 4235 16
363 4200 425 4236 nam
453 4185 481 4236 et
509 4183 577 4236 illud
601 4184 620 4238 d
691 4202 738 4254 pro
765 4202 816 4239 om.
842 4186 869 4238 B
942 4185 1028 4254 moysi
1057 4187 1085 4254 (y
1113 4200 1180 4239 corr.
1208 4185 1239 4236 in
1265 4184 1275 4236 i
1298 4199 1330 4238 m.
1356 4183 1382 4247 2)
1408 4177 1425 4228 U

301 4271 334 4323 17
354 4272 461 4325 iannem
481 4273 509 4324 B
590 4274 624 4352 20
643 4290 701 4328 esse
721 4291 771 4330 om.
790 4275 846 4329 RB
924 4274 958 4328 22
977 4275 999 4327 du
1018 4274 1053 4327 23
1071 4273 1196 4343 poteritis
1219 4272 1244 4326 G
1314 4271 1423 4323 2211111-

300 4359 392 4414 dacem
410 4361 466 4415 RB
