3064 5010
629 1242 789 1308 LIBER
821 1245 1103 1310 SEPTIMUS.

342 1385 372 1450 l.
405 1385 484 1450 Post
511 1386 678 1451 traditores
707 1391 853 1452 ostensos
882 1391 915 1452 et
941 1392 1084 1452 sanctam
1114 1389 1282 1452 ecclesiam
1310 1389 1412 1454 demon-

298 1494 444 1570 stratam,
478 1496 552 1573 post
583 1493 727 1575 repulsas
761 1513 838 1575 quas
870 1495 1062 1577 ingerebatis
1096 1495 1271 1559 calumnias
1302 1499 1414 1578 etpost
1505 1565 1506 1586 Σ

295 1601 425 1679 peccata
453 1602 570 1674 uestra,
601 1619 680 1680 quae
710 1619 727 1662 a
755 1601 813 1664 deo
842 1601 994 1683 increpari
1021 1605 1218 1678 meruerunt,
1248 1602 1346 1666 ordine
1369 1622 1413 1666 suo
1505 1589 1506 1654 i

297 1707 329 1767 et
355 1704 481 1769 iteratio
511 1709 780 1771 sacramentorum
809 1711 841 1771 et
867 1709 1141 1790 praesumptiones
1170 1711 1295 1772 uestrae
1320 1711 1350 1772 et
1367 1712 1414 1772 ter·
1437 1732 1446 1770 5

294 1830 380 1876 rores
405 1813 525 1876 ostensi
548 1816 632 1878 sunt.
661 1813 725 1876 iam
753 1834 977 1896 responsorum
1006 1815 1227 1897 dictorumque
1259 1817 1414 1878 nostrorum

295 1917 367 1981 finis
392 1937 461 1982 esse
487 1918 652 1995 debuerat;
678 1921 734 1984 sed
758 1923 905 2003 quoniam
929 1925 1003 2004 post
1025 1922 1164 1986 inuidiae
1184 1922 1299 1986 siluam
1320 1921 1414 1985 securi·

295 2024 355 2088 bus
383 2025 529 2088 ueritatis
559 2026 716 2090 abscisam
753 2027 846 2092 uideo
885 2027 988 2091 adhuc
1016 2032 1140 2092 uestras
1173 2029 1227 2091 uel
1259 2031 1413 2092 uestrorum

329 2268 467 2324 INCIPIT
489 2269 598 2322 LIBER
622 2270 795 2324 SEPTIMVS
816 2271 916 2337 (rubr.)
936 2270 963 2324 R
978 2270 1032 2337 fol.
1056 2272 1125 2335 58¹²,
1144 2269 1283 2326 INCIPIT
1302 2261 1413 2324 PEATIO

299 2356 386 2423 Ofol.
410 2361 457 2420 7⁰,
478 2357 580 2426 Incipit
599 2357 668 2410 liber
687 2359 819 2427 septimus
839 2359 866 2410 B
884 2358 934 2427 sol.
959 2363 1019 2413 60·
1039 2362 1062 2417 1.
1087 2359 1187 2430 Incipit
1208 2360 1319 2429 prefatio
1338 2357 1415 2424 Gfol.

299 2448 316 2498 5
320 2446 349 2498 7b
363 2488 368 2498 .
382 2446 497 2498 additur
508 2446 591 2499 butue
603 2447 668 2499 libri
681 2453 877 2515 argumentum,
893 2465 911 2501 a
925 2465 978 2517 quo
994 2449 1093 2518 incipit
1106 2450 1133 2501 A
1146 2450 1196 2517 sol.
1213 2453 1254 2501 4·
1267 2465 1304 2516 cp.
1314 2448 1416 2516 pomum

297 2534 489 2588 errabundam
511 2536 567 2602 fere
590 2541 675 2589 totum
697 2537 846 2599 contraeas,
869 2539 900 2590 in
918 2538 1032 2593 ARBG
1054 2539 1178 2607 idemque
1201 2539 1335 2592 eebibetrrr
1354 2535 1418 2587 tor

295 2623 344 2691 fol.
368 2627 466 2677 244⁸:
488 2626 520 2678 In
543 2624 594 2677 hoc
623 2626 769 2678 nouissimo
796 2626 945 2694 (Septimus
973 2626 1083 2697 [rubr]
1105 2627 1255 2680 nouissimo
1278 2626 1310 2689 P,
1331 2625 1355 2677 iu
1374 2624 1418 2676 hoc

296 2729 347 2766 om.
370 2713 462 2781 PRB)
491 2713 560 2767 libro
588 2714 639 2766 hoc
665 2716 706 2767 est
729 2715 844 2784 septimo
870 2716 932 2783 (hoc
957 2733 979 2769 e.
1004 2719 1073 2785 sept.
1098 2731 1149 2769 om.
1177 2714 1238 2782 OG)
1264 2714 1418 2767 contuentur

298 2802 461 2868 (continetur
478 2802 511 2866 P,
537 2803 676 2856 continent
690 2828 704 2854 a
718 2828 732 2852 ι
750 2805 785 2867 Α,
809 2821 859 2858 om.
878 2804 942 2868 RB,
965 2806 1014 2858 sed
1032 2810 1131 2872 postea
1154 2804 1220 2856 add.
1240 2809 1305 2871 post
1326 2801 1417 2854 demon-

296 2893 386 2958 strati)
406 2891 561 2949 traditores,
582 2893 627 2961 qui
646 2893 674 2945 in
692 2893 778 2961 primo
797 2893 890 2946 libello
912 2894 1012 2961 (libelle
1027 2895 1061 2957 A,
1080 2892 1151 2946 libro
1169 2893 1231 2959 CG)
1252 2893 1301 2946 sub
1319 2889 1417 2950 nomini·

296 2978 346 3032 bus
367 2982 390 3046 (ι
405 2979 449 3032 ab
473 2979 594 3034 nominib
620 2981 676 3050 [oio]
701 2982 738 3049 A)
763 2982 818 3034 suis
843 2987 871 3035 et
893 2983 960 3036 locis
986 2985 1014 3036 et
1038 2982 1253 3036 confessionibus
1278 2984 1339 3034 suut
1359 2986 1418 3045 (con-

295 3069 396 3122 fession
420 3093 570 3120 aaaaaa
593 3073 625 3122 nt
652 3071 689 3134 A)
718 3071 896 3124 demonstrati
932 3072 1004 3140 (dem
1023 3097 1063 3124 a*
1081 3073 1173 3126 sltrati
1196 3073 1231 3134 A,
1262 3066 1419 3124 demonstrati

296 3159 451 3212 continetur
467 3159 543 3226 RB),
568 3175 622 3211 nou
652 3162 713 3226 (om.
744 3159 804 3226 CG)
835 3177 918 3229 graue
946 3165 1068 3230 (grauem
1087 3161 1124 3230 P)
1148 3164 1288 3231 peccatum
1311 3158 1419 3213 habuisse
1506 3205 1507 3208 ,

298 3248 318 3314 (i
346 3263 415 3300 eras.
448 3248 495 3312 A),
526 3248 574 3316 qui
604 3248 776 3310 necesstiate,
810 3267 863 3313 non
895 3249 1036 3302 uoluntate
1068 3251 1243 3320 peccauerint
1276 3247 1418 3316 (uoluntate
1506 3251 1507 3312 j

296 3353 375 3405 pecca
395 3362 409 3386 a
423 3362 434 3386 s
448 3361 462 3386 ι
476 3362 490 3386 a
513 3339 545 3389 nt
572 3337 619 3402 A),
652 3335 723 3389 bono
759 3337 874 3391 unitatis
905 3337 989 3390 etiam
1017 3337 1086 3390 tales
1119 3337 1147 3390 in
1181 3337 1361 3390 communione
1388 3333 1418 3400 (iu
1506 3357 1507 3360 ¹

297 3443 354 3479 com
368 3450 494 3476 *****
508 3442 541 3478 ne
566 3425 604 3492 A)
632 3425 716 3495 recipi
743 3427 864 3494 potuisse
889 3426 1053 3494 (potuissent
1077 3427 1112 3488 A,
1138 3426 1221 3478 etiam
1248 3420 1418 3489 tales-recipi

296 3515 416 3584 potuisse
434 3515 630 3568 interciderunt
647 3516 679 3567 e'n
700 3514 769 3582 OG).
793 3513 960 3569 EXPLICIT
984 3514 1188 3568 PRAEFATIO
1211 3511 1419 3568 surrent*

299 3604 319 3660 ri
337 3620 360 3670 q.
381 3602 506 3665 feliciter)
527 3608 551 3655 et
569 3619 651 3656 uersu
668 3604 789 3670 sequenti
805 3601 921 3657 LEGAS
942 3602 1029 3670 (qood
1045 3601 1159 3655 cambum
1179 3616 1239 3654 cum
1257 3595 1419 3654 tribuebuat

292 3691 631 3760 proximis-ingerebatis
656 3690 743 3743 calum
765 3691 850 3756 rubr.)
875 3691 910 3754 A,
933 3678 1056 3746 INCIPT
1079 3690 1189 3743 LIBER
1214 3690 1263 3742 VII
1282 3691 1308 3752 G,
1327 3685 1418 3755 Incipit.

296 3778 385 3833 Liber.
406 3778 551 3848 Septimus.
578 3780 678 3832 Sancti.
704 3778 809 3848 Optati.
834 3780 934 3845 (rubr.)
958 3779 983 3833 G
1074 3779 1243 3832 arostensos
1267 3778 1295 3848 (h
1314 3789 1418 3844 soprato.

296 3885 330 3920 m.
351 3870 380 3936 2)
401 3870 423 3922 C
502 3868 688 3922 demonstrata
707 3872 740 3930 A,
762 3869 946 3921 demonstrato
964 3869 1009 3937 (ω
1027 3885 1063 3922 m.
1083 3870 1113 3936 2)
1138 3869 1159 3921 C
1227 3870 1243 3921 3
1262 3865 1382 3937 ingeratis
1400 3860 1419 3915 d

187 4024 190 4032 Ι
298 3956 459 4011 coluniasB
507 3960 722 4027 Apnccata....
739 3975 755 4010 a
770 3957 974 4026 doucrepariA
1047 3958 1239 4010 ornsnesqu
1289 3951 1418 4018 biberatio)

297 4047 401 4099 ratione
410 4047 446 4112 R,
460 4048 529 4100 ratio
540 4048 592 4110 Ab,
607 4047 754 4100 traditione
769 4046 827 4110 CG,
841 4047 962 4099 oratione
972 4046 1000 4098 B
1014 4048 1096 4112 (corr.
1114 4045 1237 4114 nuptu.)
1287 4055 1418 4097 sacramen·

296 4137 385 4186 torum
404 4136 431 4187 A
502 4136 718 4204 presumptiones
742 4137 765 4205 (s
783 4137 832 4202 fin.
854 4135 918 4188 cdd.
938 4151 958 4188 e.
980 4134 997 4186 l.
1016 4135 1050 4186 m'.
1071 4135 1095 4201 1)
1115 4134 1150 4196 B,
1172 4133 1346 4187 *recusationis
1364 4129 1420 4195 (siue

297 4239 350 4275 rae.
361 4227 378 4289 .)
395 4225 422 4275 A
494 4239 596 4276 errores
610 4223 711 4278 ARBb
766 4223 782 4275 6
801 4225 865 4275 sunt
883 4222 929 4275 uel
948 4222 1003 4274 sint
1016 4223 1043 4273 A
1116 4221 1298 4290 dicatumque
1317 4215 1419 4284 (merebr-

296 4313 453 4380 perforata)
478 4313 505 4364 A
596 4314 611 4366 7
637 4313 783 4376 securirbu
806 4313 833 4364 A
923 4312 940 4365 8
963 4310 1044 4364 uideo
1069 4314 1095 4376 (o
1118 4311 1210 4364 aetnae
1232 4310 1305 4364 clare
1324 4303 1419 4372 scr.)A

298 4402 414 4468 ues)tras
432 4404 459 4454 A
532 4401 578 4454 uel
596 4405 747 4454 uestrorum
766 4418 816 4455 om.
837 4402 853 4455 b
