3052 5012
456 409 572 464 Liber
596 413 799 476 secundus,
820 431 841 467 c.
862 415 976 469 13-15.
1252 425 1294 488 49

140 603 175 664 et
206 603 334 668 turbam
366 605 519 671 fidelium.
545 607 651 687 dicite,
685 609 738 674 cui
770 610 879 694 generi
907 611 1070 676 hominum
1098 613 1130 677 10
1160 616 1295 681 00010010

138 713 252 775 000000
279 713 340 778 hoe
367 715 472 797 possit
501 715 647 792 adscribi,
678 717 763 797 quod
793 717 917 783 obicere
941 719 1089 796 uoluisti;
1115 721 1296 803 specialiter

138 819 272 883 0000100
295 821 433 902 aliquem
456 822 649 900 ministrum,
671 824 803 889 ostende
824 824 962 906 aliquem
982 825 1150 892 diaconum
1169 829 1294 894 nomine

140 944 213 1004 000,
241 927 348 991 1001100
370 929 431 995 hoc
455 930 494 993 ab
519 929 627 1012 aliquo
651 930 771 995 factum
798 950 868 996 esse
892 932 1088 1015 presbytero,
1113 935 1211 1017 proba
1234 935 1295 1002 hoc

106 1049 118 1086 ⁵
140 1033 312 1117 episcopos
326 1037 503 1115 admisisse,
520 1036 598 1101 doce
618 1037 756 1120 aliquem
775 1040 921 1102 nostrum
941 1040 1089 1122 cuiquam
1107 1041 1294 1106 insidiatum

139 1159 224 1206 0000.
249 1143 322 1224 quis
345 1146 489 1209 00000000
513 1161 705 1227 quemquam
728 1148 917 1229 persecutus
942 1148 1017 1210 est?
1042 1165 1136 1228 quem
1162 1149 1293 1213 anobis

137 1253 347 1330 persecutum
376 1270 445 1316 esse
475 1255 531 1316 aut
559 1252 662 1317 dicere
694 1253 900 1336 0000010000
931 1253 1089 1334 probare?
1127 1254 1202 1337 quia
1233 1255 1293 1319 tibi

137 1356 249 1421 unitas
274 1357 431 1441 displicet,
455 1359 516 1424 1000
545 1359 572 1423 01
600 1359 718 1424 crimen
746 1361 851 1443 putas,
881 1378 977 1442 argue
1006 1379 1064 1424 nos
1088 1360 1291 1426 Thessaloni-

138 1463 303 1543 censibus,
329 1464 510 1544 Corluthiis,
536 1466 670 1546 Galatis,
704 1469 827 1550 septem
861 1467 1017 1544 ecclesiis,
1047 1487 1127 1549 quae
1156 1471 1233 1532 sunt
1260 1469 1291 1532 in

87 1587 117 1625 10
137 1569 228 1648 Asia,
249 1573 513 1640 communicasse.
539 1573 567 1638 si
590 1573 678 1638 nefas
702 1574 762 1638 tibi
785 1574 914 1638 uidetur
934 1578 989 1638 aut
1008 1574 1036 1638 si
1054 1577 1178 1640 reatum
1196 1579 1291 1658 putas

137 1678 305 1744 memoriis
333 1681 549 1763 apostolorum
578 1682 610 1744 et
637 1683 820 1745 sanctorum
853 1681 995 1746 omnium
1026 1681 1292 1761 communicasse,

136 1783 203 1849 hoc
226 1804 284 1851 000
308 1785 422 1850 1001000
446 1806 508 1851 000
532 1787 635 1852 solum
661 1807 723 1852 000
741 1806 895 1872 negamus
915 1787 971 1852 sed
991 1788 1087 1852 etiarn
1107 1787 1289 1871 gloriamur.

188 1892 239 1962 15.
275 1893 338 1958 Sed
370 1897 408 1956 00
440 1893 606 1958 ostendam
629 1897 752 1976 partem
775 1897 927 1971 uestram,
950 1897 988 1958 ut
1012 1894 1128 1971 dixisti,
1153 1896 1292 1960 cruentis

136 2001 302 2066 morsibus
329 2003 464 2084 pastam,
494 2000 738 2066 christianorum
767 2001 920 2086 sanguiue
945 2005 977 2066 et
1001 2001 1147 2067 carnibus
1172 2002 1290 2085 opima·

85 2121 117 2158 1⁵
135 2111 218 2187 tam,
247 2106 442 2191 0001001010
467 2127 524 2172 000
549 2110 659 2172 000000
680 2107 744 2171 iam
767 2108 898 2172 rabidus
922 2108 1217 2173 commemorandus
1242 2111 1291 2172 est

134 2214 240 2293 furor,
274 2214 354 2277 iam.
372 2217 482 2277 uestra
512 2213 682 2278 retexenda
712 2214 864 2297 inpietas,
893 2213 957 2278 iam
990 2215 1129 2279 stultitia
1162 2215 1288 2280 demon-

135 2322 279 2389 stranda.
312 2322 344 2386 in
372 2339 434 2404 quo
462 2321 551 2405 prius
581 2323 630 2386 est
658 2322 824 2386 ostendere
853 2321 1100 2386 erubescendam
1132 2321 1289 2386 laetitiam

133 2429 281 2492 uestram
311 2432 344 2492 et
371 2426 487 2512 gaudia
515 2426 694 2505 criminosa,
720 2428 805 2510 quod
833 2427 926 2492 uobis
955 2427 994 2490 ad
1021 2427 1147 2511 pristini
1176 2428 1288 2492 erroris

131 2536 322 2599 libertatem
349 2534 449 2599 redire
479 2535 588 2597 datum
618 2553 687 2598 esse
717 2534 905 2600 constiterit.
945 2536 1107 2598 recensete
1135 2537 1288 2617 tempora,

81 2652 111 2690 2⁰
133 2641 293 2706 discutite
316 2639 471 2704 rationem
494 2659 611 2718 rerum,
637 2638 807 2704 dissimilia
830 2642 907 2704 uota
926 2641 958 2703 et
975 2658 1126 2723 personas
1146 2639 1289 2704 diuersas

176 2894 291 2948 lturba
309 2894 344 2956 B,
363 2893 456 2946 turbas
474 2892 500 2946 G
573 2848 671 2962 generd
692 2895 772 2960 (corr.
793 2892 910 2952 00.1)11
965 2891 1105 2945 20100000
1119 2891 1175 2946 RB
1228 2892 1286 2945 310

130 2985 257 3054 aliquem
268 2999 305 3036 00
315 2983 371 3037 RB
423 2982 588 3052 4pb'rosB
642 2981 834 3050 5011000οΒ
889 2982 1088 3051 liquemquam
1102 2979 1287 3050 aliquanch

130 3103 149 3154 7
174 3099 303 3170 poteritis
328 3097 354 3151 G
443 3096 460 3150 8
488 3098 512 3150 01
538 3097 590 3151 1000
608 3098 635 3150 Β
707 3096 963 3151 tessalonicensibus
991 3096 1019 3162 (h
1044 3095 1168 3150 0100.
1198 3095 1284 3174 2111,

127 3211 379 3270 tessalonicensibus
402 3212 729 3275 Β,0100001001000011)00
757 3212 782 3265 G
855 3212 871 3265 9
901 3210 1014 3266 Chorint
1015 3211 1068 3264 hiis
1091 3211 1126 3274 P,
1156 3177 1285 3264 0001001010

130 3307 219 3372 (corr.
252 3319 287 3354 m.
323 3304 355 3368 2)
383 3300 419 3362 11,
453 3301 584 3354 0001001010
616 3301 643 3353 Β
752 3300 862 3370 galatiis
893 3300 919 3354 G
1012 3300 1043 3353 10
1071 3299 1123 3352 tibi
1151 3299 1227 3353 nefas
1259 3300 1285 3354 G

130 3393 169 3447 12
194 3398 309 3460 negasse
334 3391 428 3458 (1000.
452 3389 487 3441 m'
510 3405 545 3442 m.
569 3392 634 3456 rec.)
654 3389 681 3441 B
773 3389 806 3442 13
829 3391 935 3458 pestem
955 3391 981 3442 B
1072 3388 1126 3441 dixi
1144 3387 1199 3442 RB
1222 3389 1283 3443 edd.

129 3483 171 3536 14
200 3482 228 3534 et
255 3478 379 3533 carnibus
408 3494 459 3534 om.
486 3478 575 3532 1111010
604 3479 667 3545 (cfr.
686 3478 871 3532 Parmenioni
888 3479 974 3532 acrba
992 3495 1022 3545 p.
1042 3477 1086 3540 48,
1109 3478 1153 3542 16;
1173 3478 1216 3541 ta,
1237 3479 1282 3545 12)

128 3597 169 3650 15
198 3561 356 3659 10101010οΡ
444 3594 478 3646 16
501 3593 655 3663 retexenda]
680 3593 861 3663 repetendae
951 3591 985 3646 18
1005 3592 1039 3645 ad
1058 3591 1166 3662 pristini
1186 3591 1282 3644 erroris

125 3685 290 3738 libertatern
317 3680 419 3735 redisse
447 3681 595 3751 contigerit
612 3681 675 3746 PG,
705 3682 739 3736 ad
767 3699 806 3751 pr.
835 3698 884 3735 err.
911 3682 1068 3735 libertatem
1095 3679 1195 3733 factam
1224 3696 1283 3734 esse

127 3773 262 3828 constitit
291 3771 371 3836 RBv,
404 3787 420 3823 a
447 3771 556 3840 pristini
588 3772 684 3824 erroris
715 3769 844 3823 libertate
877 3770 979 3823 redisse
1013 3769 1158 3838 contigerit
1178 3769 1214 3832 ’0,
1248 3770 1282 3823 001

125 3861 264 3932 001001οο0
292 3876 394 3914 errores
425 3859 473 3914 lib.
501 3859 601 3913 factam
630 3876 652 3913 e.
684 3860 808 3913 constitit
841 3860 938 3913 0000100.
971 3858 1099 3922 0000001),
1133 3857 1211 3910 uobis
1241 3875 1281 3927 pr.

127 3951 233 4005 erroris
257 3950 306 4004 lib.
335 3949 434 4003 factam
467 3965 524 4003 esse
558 3949 704 4018 contigerit
737 3949 763 4012 d,
788 3948 823 4001 001
855 3948 964 4018 00100101
997 3947 1092 4000 erroris
1124 3945 1281 4000 libertatem

125 4039 222 4094 redire
250 4038 344 4092 datum
372 4054 430 4091 esse
458 4037 612 4092 constiterit
639 4037 737 4106 scripsi
761 4038 830 4103 (aiei
852 4039 923 4106 forte
941 4037 1038 4091 0001000
1058 4035 1092 4088 001
1110 4036 1282 4089 scribendam

126 4127 243 4200 pristini
265 4127 362 4180 erroris
384 4125 541 4181 libertatem
568 4125 703 4180 redditam
732 4142 789 4180 esse
819 4126 964 4196 contigerit
987 4156 1020 4164 -
1045 4126 1094 4192 cfr.
1118 4141 1149 4192 0,
1177 4126 1222 4188 51,
1250 4125 1280 4178 3:

127 4243 212 4297 uobis
229 4241 344 4296 libertas
363 4243 405 4294 est
422 4241 540 4309 reddita)
599 4242 631 4295 19
650 4207 782 4296 0000001000
803 4243 827 4311 (e
846 4257 867 4294 0.
888 4242 906 4296 l.
926 4259 960 4295 m.
980 4243 1012 4308 2)
1031 4240 1067 4307 11,
1086 4238 1218 4294 000000100
1237 4240 1280 4293 Ba

127 4331 167 4386 20
187 4331 307 4384 rationes
326 4330 386 4384 cdd.
457 4330 557 4400 rerum]
576 4347 671 4400 regum
684 4331 712 4384 P

186 4455 270 4494 xxvr.
1175 4434 1194 4486 4
