3148 5020
499 409 617 462 Liber
643 409 798 478 primus.
828 425 849 466 e.
879 409 992 463 13-15.
1280 413 1318 476 17

163 609 340 688 coeperant
382 623 589 669 murmurare.
623 624 757 686 quorum
791 605 939 687 spiritum
974 605 1140 671 Secundus
1172 607 1321 670 metuens

167 714 344 778 consilium
369 713 492 796 accepit
515 731 534 775 a
556 712 622 776 filio
646 712 753 776 fratris
777 712 828 776 sui
852 711 997 778 Secundo
1017 712 1148 788 minore.
1168 714 1206 775 ut
1224 712 1321 776 talem

166 839 301 884 causam
327 821 385 884 deo
411 822 563 884 seruaret.
598 819 737 883 consulti
766 823 853 886 sunt.
878 820 933 901 qui
964 822 1191 894 remanserant,
1214 818 1248 882 id
1272 821 1323 882 est·

165 927 284 991 Uictor
309 925 492 992 Garbensis.
517 926 605 990 Felix
631 945 648 989 a
670 926 800 991 Rotario
825 929 857 990 et
879 927 988 991 Nabor
1010 945 1028 990 a
1053 925 1264 992 centurionis.
1289 925 1322 988 hi

128 1055 142 1091 5
164 1033 316 1098 dixerunt
334 1035 431 1098 talem
452 1053 580 1098 causam
599 1033 659 1097 deo
679 1033 793 1098 debere
812 1034 977 1098 reseruari.
998 1036 1030 1097 ot
1049 1033 1127 1097 dixit
1142 1030 1321 1098 Secundus:

166 1140 290 1204 sedete
321 1143 459 1206 omnes’:
485 1145 562 1206 tunc
586 1141 707 1204 dictum
732 1143 782 1206 est
809 1143 848 1206 ab
878 1141 1044 1206 omnibus:
1080 1142 1148 1218 ,deo
1183 1139 1322 1224 gratias’.

165 1249 203 1310 et
235 1245 394 1310 sederunt.
428 1246 526 1310 habes
561 1265 649 1330 ergo.
682 1247 779 1311 frater
811 1247 1031 1324 Parmenione,
1066 1247 1121 1328 qui
1153 1245 1321 1310 manifesto

163 1354 289 1417 fuerint
311 1353 491 1418 traditores.
1289 1293 1378 1399 ‘b’

217 1461 268 1525 15.
311 1460 434 1524 Deinde
471 1481 533 1526 non
562 1465 637 1544 post
663 1461 796 1545 longum
824 1463 951 1544 tempus
979 1461 1076 1526 iidem
1109 1461 1181 1544 ipsi,
1214 1463 1264 1524 tot
1291 1465 1323 1524 et

111 1589 142 1626 ιο
165 1566 252 1630 tales
287 1566 325 1629 ad
359 1565 582 1650 Carthaginem
615 1566 748 1649 profecti
780 1566 968 1632 traditores.
1002 1567 1110 1654 turati,
1144 1566 1322 1632 homicidae

165 1673 378 1747 Maiorinum,
418 1673 508 1737 cuius
546 1676 582 1736 tu
617 1673 798 1738 cathedram
835 1674 941 1738 sedes.
981 1677 1054 1757 post
1092 1673 1320 1738 ordinationem

167 1779 344 1844 Caeciliani
376 1780 603 1845 ordinauerunt
631 1781 748 1845 scisma
775 1781 938 1845 facientes.
978 1783 1010 1844 et
1043 1781 1191 1863 quoniam
1226 1781 1321 1844 tradi·

164 1885 267 1950 tionis
287 1904 357 1950 reos
377 1885 534 1969 principes
554 1884 681 1952 uestros
700 1887 801 1952 fuisse
819 1889 1030 1952 monstratum
1049 1889 1108 1952 est.
1124 1906 1320 1969 consequens
1362 1877 1364 1882 ’

166 1993 231 2056 erit
264 1992 392 2057 eosdem
425 1993 525 2057 fuisse
559 1996 704 2058 auctores
738 1993 908 2060 scismatis
943 2013 1023 2076 quae
1049 2013 1099 2058 res
1123 1998 1160 2058 ut
1183 1995 1266 2058 clara
1289 1997 1322 2058 et

111 2120 142 2158 1⁵
162 2099 339 2163 manifesta
363 2119 432 2164 esse
453 2100 600 2164 omuibus
618 2101 730 2183 possit,
752 2101 981 2166 ostendendum
1002 2105 1060 2180 est,
1081 2122 1116 2166 er
1135 2119 1198 2184 qua
1214 2101 1319 2166 radice

165 2223 240 2269 sese
265 2205 423 2286 usquein
448 2205 635 2270 hodiernum
660 2207 772 2272 erroris
801 2207 1017 2290 protenderint
1038 2208 1119 2294 rami
1143 2211 1175 2271 et
1198 2227 1234 2272 ex
1258 2229 1319 2290 quo

163 2311 257 2376 fonte
285 2311 411 2375 riuulus
439 2311 501 2376 iste
530 2313 663 2396 maligui
690 2313 822 2396 liquoris
853 2315 977 2378 occulte
1006 2333 1134 2397 serpeus
1163 2315 1319 2396 usquein

161 2420 313 2500 tempora
340 2421 448 2482 nostra
475 2419 662 2486 manauerit.
698 2419 865 2485 dicendum
896 2424 955 2498 est,
989 2421 1071 2485 unde
1100 2424 1132 2486 et
1158 2422 1214 2486 ubi
1242 2425 1275 2486 et
1303 2442 1320 2486 a

162 2524 285 2606 quibus
311 2527 415 2588 ortum
440 2528 566 2590 constet
592 2527 653 2590 hoc
682 2527 817 2590 alterurn
845 2528 977 2606 malum,
1006 2547 1087 2610 quae
1116 2529 1321 2593 conuenerint

105 2653 138 2692 20
163 2649 295 2708 causae.
320 2650 409 2722 *quae
441 2631 560 2696 fuerint
592 2636 737 2715 operatae
771 2653 934 2716 personae.
967 2635 1022 2716 qui
1050 2638 1195 2700 auctores
1223 2635 1319 2700 huius

159 2737 255 2802 mali.
282 2737 337 2818 qui
360 2738 542 2816 nutritores,
568 2757 586 2802 a
609 2739 725 2821 quibus
751 2740 815 2803 sint
836 2740 919 2805 inter
941 2744 1046 2823 partes
1070 2741 1109 2804 ab
1131 2741 1319 2824 imperatore

159 2845 332 2926 postulata
359 2844 487 2922 iudicia,
517 2845 572 2927 qui
601 2846 740 2910 sederint
767 2847 900 2914 iudices.
929 2847 986 2911 ubi
1015 2848 1057 2911 sit
1086 2850 1191 2912 actum
1217 2849 1319 2914 conoi-

158 2951 258 3028 lium,
285 2969 366 3031 quae
391 2951 456 3014 sint
478 2953 618 3034 prolatae
639 2953 825 3017 sententiae.
852 2953 889 3018 de
910 2953 1067 3018 diuisione
1087 2955 1211 3038 agitur:
1237 2959 1269 3019 et
1286 2956 1317 3020 in

202 3185 215 3236 1
246 3188 376 3253 ceperant
398 3185 462 3245 BG,
492 3189 679 3256 coeperunto
770 3189 787 3240 3
816 3191 957 3242 seruarent
979 3189 1011 3252 P,
1041 3156 1158 3258 semfret
1180 3190 1207 3242 Β
1229 3207 1264 3246 m.
1290 3194 1318 3254 2,

156 3289 274 3327 seruare
297 3273 339 3336 (iu
360 3291 410 3343 rap.
436 3291 504 3330 corr.
531 3276 706 3342 seruaret)G
814 3281 1002 3331 remanserunt
1023 3278 1112 3333 RBob
1219 3281 1318 3349 4gar-

156 3347 271 3416 dedii?
280 3362 345 3427 RB,
374 3363 514 3432 gabrensis
536 3364 570 3428 G,
591 3365 742 3435 garbiensis
767 3367 791 3429 b,
811 3367 962 3436 gradiensis
980 3384 1011 3434 o;
1035 3368 1173 3422 lectionem
1191 3384 1275 3436 qaam
1292 3369 1320 3422 P

155 3450 271 3504 exhibet
301 3451 442 3519 garbensis
470 3454 572 3507 babent
589 3454 674 3508 RBG
697 3455 757 3508 lior.
781 3457 825 3510 Π.
850 3459 867 3508 4
900 3457 959 3523 (cfr.
993 3457 1053 3510 coll.
1081 3456 1173 3510 Carth.
1200 3457 1223 3520 1,
1251 3457 1304 3511 209
1311 3479 1317 3520 ;

153 3556 235 3594 nom
255 3539 335 3607 episc.
354 3540 439 3596 Num.
461 3542 523 3610 102)
609 3545 709 3596 ratorio
728 3544 784 3599 RB
874 3544 987 3613 naboris
1007 3545 1170 3598 centurionis
1189 3545 1217 3597 B
1290 3548 1318 3599 et

153 3627 187 3683 N
189 3628 284 3681 abora
298 3631 376 3682 onub
428 3632 663 3684 acenturionesP
706 3632 745 3685 hii
758 3632 864 3690 PRBu.
879 3633 900 3686 ii
914 3635 974 3688 edd.
1012 3633 1317 3702 5deo]dominoRBob

154 3717 267 3770 seruari
285 3716 310 3770 G
327 3720 498 3786 (utsuprol.
513 3720 550 3786 3,)
589 3721 688 3774 Gsede
707 3723 735 3774 te
757 3721 783 3775 G
838 3721 871 3774 ab
890 3721 1044 3791 hominibus
1061 3723 1119 3790 (sic)
1134 3722 1162 3774 B
1199 3723 1315 3777 7Parm.

153 3832 276 3886 fraterb
327 3831 468 3887 9idemB
519 3835 552 3888 10
566 3836 751 3905 chartaginem
760 3837 794 3900 Ρ,
810 3804 975 3908 cadtaginem
991 3838 1019 3890 Β
1072 3838 1167 3907 turati]
1188 3839 1317 3893 esuratiu

155 3919 269 4023 (Cocht.
289 3921 322 3974 e'n
340 3938 388 3990 nep.
409 3922 479 3976 coni.
501 3926 528 3976 et
547 3925 689 3990 coniurati,
707 3925 781 3993 quod
799 3925 881 3980 habet
899 3927 925 3994 b)
983 3928 1017 3980 12
1037 3926 1178 3996 facientes]
1196 3927 1317 3981 feceret·

155 4037 196 4089 14
218 4036 313 4089 eodem
333 4035 452 4091 Boa2
524 4040 553 4091 et
571 4043 693 4093 auctores
715 4040 741 4094 G
797 4041 829 4094 16
844 4058 872 4095 se
887 4042 920 4105 P,
935 4042 1072 4096 se—seB
1092 4044 1136 4108 (—
1153 4041 1217 4096 add.
1238 4059 1272 4099 m.
1285 4047 1315 4112 2)

155 4127 189 4178 et
210 4139 287 4178 omo
327 4124 478 4228 171fonteri
491 4127 609 4180 unlan
628 4129 700 4198 (te'ri
716 4129 819 4184 lineola
834 4130 896 4184 dist.
909 4148 943 4184 m.
955 4130 984 4200 2)
1038 4131 1164 4200 maligni]
1182 4131 1274 4184 malim
1290 4132 1317 4184 Β

157 4239 194 4292 19
217 4244 404 4306 conuenerunt
422 4241 449 4294 P
520 4243 552 4294 21
572 4211 664 4313 ραέῐεε
684 4247 710 4298 Β
784 4245 827 4314 ab]
849 4245 929 4300 deG
1000 4246 1036 4300 22
1055 4247 1193 4316 postoluta
1211 4247 1239 4302 Β
1258 4248 1317 4313 (sed

153 4327 234 4382 omo
252 4331 334 4395 coru.)
390 4331 425 4382 23
443 4331 557 4399 probate
577 4335 659 4398 (corr.
679 4334 711 4386 in
729 4351 778 4402 my.
798 4351 832 4386 m.
853 4337 872 4387 2
890 4335 1013 4403 prolata)
1036 4335 1062 4390 G

218 4452 298 4491 xxvi.
1213 4443 1229 4494 2
