3148 5020
295 415 419 480 XXXII
769 413 986 470 Praefatio.

295 608 354 674 sed
377 628 413 674 ex
436 608 495 674 hao
520 608 709 674 difficultate
731 609 875 674 19911919
896 610 1042 694 expedias
1061 609 1320 688 1911999191119,
1342 609 1441 693 qualis

294 715 340 780 sit
362 715 463 781 totius
486 715 560 780 libri
578 715 707 797 septimi
725 715 849 780 indoles
867 719 979 800 utpote
998 735 1060 782 non
1081 715 1220 783 absoluti
1237 715 1441 799 perfectique.

297 823 352 905 qui
393 823 422 886 si
463 823 624 906 specimen
665 822 824 905 quoddam
865 823 997 904 praebet
1037 823 1174 907 singulis
1217 823 1297 889 locis
1345 822 1441 888 incul-

295 928 388 994 candi
408 931 441 994 et
457 928 628 1008 reficiendi,
653 948 714 996 non
737 929 942 995 temerarium
966 947 1036 1002 esse
1056 930 1190 995 arbitror
1206 928 1288 996 illud
1306 929 1441 1014 primum

295 1034 548 1101 additamentum
576 1035 822 1119 amplificatione
851 1037 884 1102 et
912 1035 1131 1102 emendatione
1155 1039 1262 1102 ortum
1286 1055 1321 1101 er
1345 1036 1440 1100 altero

294 1141 509 1206 additamento
542 1141 606 1207 iam
638 1161 696 1207 suo
728 1143 799 1208 loco
831 1141 1030 1208 inculcatum
1059 1142 1172 1220 fuisse,
1202 1162 1276 1209 cum
1308 1142 1441 1207 alterum

296 1248 388 1312 uelut
414 1248 508 1331 primi
536 1249 715 1331 exemplum
742 1248 863 1314 librarii
890 1267 993 1314 errore
1020 1248 1053 1314 in
1082 1249 1217 1316 eundern
1249 1249 1369 1315 librum
1401 1249 1441 1314 sit

292 1355 465 1420 intrusum.
499 1355 671 1420 notandum
703 1355 839 1439 denique
871 1358 921 1420 est
952 1356 985 1422 in
1017 1355 1283 1442 Sangermanensi
1315 1375 1440 1420 manum

292 1462 547 1528 recentissimam
582 1462 698 1527 iterum
735 1462 860 1528 rubrica
902 1463 1111 1546 adscripsisse
1152 1465 1257 1528 omiss.
1295 1465 1328 1526 91
1363 1461 1441 1526 illud

293 1567 377 1634 eddo
400 1570 497 1636 uerbo
521 1569 708 1650 temporibus
725 1569 897 1653 praefixum
916 1570 948 1634 in
962 1570 1020 1635 AR
1034 1569 1154 1634 turbati
1173 1569 1291 1634 ordinis
1314 1587 1440 1634 mouere

294 1675 520 1758 suspicionem.
864 1741 866 1746 ,
1233 1737 1235 1743 ,

340 1779 427 1860 Quae
469 1786 544 1848 sunt
582 1783 706 1866 reliqua
746 1784 877 1850 minoris
918 1784 1058 1850 ambitus
1100 1783 1318 1870 additamenta
1359 1784 1441 1848 stant

293 1888 464 1968 caduntue,
474 1892 568 1973 prout
578 1889 615 1954 de
631 1889 756 1959 duobus
771 1890 929 1974 prioribus
944 1891 1154 1956 constitutum
1169 1889 1439 1971 diiudicatumque

295 1999 354 2060 est.
387 1997 501 2062 tertius
532 1997 587 2062 1119
620 1997 711 2062 locus
744 1997 954 2079 interpolatus
988 1994 1032 2083 (p.
1068 1998 1142 2074 168,
1178 1993 1323 2080 10-13)
1356 2013 1439 2078 repe-

292 2102 440 2168 titionem
464 2104 607 2168 contiuet
623 2103 734 2186 paucis
753 2104 862 2168 uerbis
881 2104 1143 2188 comprehensam
1162 2103 1231 2168 eius
1256 2102 1438 2180 sententiae,
1544 2187 1545 2192 ἵ

295 2227 375 2290 quae
411 2209 443 2273 in
481 2210 606 2275 duobus
643 2210 800 2293 prioribus
839 2210 1000 2294 copiosius
1036 2210 1192 2292 explicate
1224 2209 1439 2290 exemplisque

293 2313 419 2378 firmata
442 2318 519 2379 erat.
548 2316 698 2382 nimirum
721 2316 850 2398 quidem
872 2317 934 2384 hoo
956 2318 1027 2383 1999
1052 2316 1214 2382 conclusio
1237 2316 1295 2380 illa
1319 2314 1438 2380 deside-

292 2424 391 2501 ratur,
425 2441 505 2504 quae
538 2427 632 2489 antea
663 2423 706 2507 (9.
737 2425 812 2502 163,
846 2426 887 2488 22
921 2422 984 2510 sq.)
1018 2423 1221 2508 cognoscitur
1252 2421 1438 2488 necessaria.

293 2530 389 2611 atque
414 2528 498 2610 quod
524 2532 671 2613 quartum
699 2531 813 2596 attinet
841 2530 1093 2596 additamentum
1115 2531 1159 2613 (p.
1186 2529 1437 2610 170,12-14),

293 2633 371 2699 item
404 2634 516 2702 iterato
549 2636 706 2702 uocabulo
739 2635 881 2717 repellere
911 2637 1059 2702 lacunam
1092 2635 1125 2700 in
1158 2635 1289 2718 reliquis
1329 2653 1438 2700 menu-

293 2740 423 2824 soriptis
457 2743 557 2805 ortam
591 2760 661 2807 esse
694 2741 778 2806 haud
810 2741 995 2808 incredibile
1028 2741 1166 2812 uidetur.
1199 2742 1331 2826 praebet
1359 2741 1439 2806 euim

294 2846 452 2914 Tillenus:
481 2851 589 2912 nostra
617 2850 750 2912 estnon
776 2849 881 2914 solum
903 2867 963 2914 uos
991 2865 1053 2914 uon
1084 2848 1228 2930 repellere
1259 2885 1303 2896 —-
1335 2849 1437 2912 unitas

292 2953 384 3018 fieret
414 2954 496 3020 bono
528 2954 617 3038 pacis
649 2974 712 3019 non
744 2953 904 3036 repellere·
937 2955 1065 3038 reliqui:
1099 2957 1208 3021 nostra
1240 2957 1290 3020 est
1322 2955 1437 3020 bonum

291 3051 402 3170 (bendm
415 3085 483 3173 OG)
513 3088 601 3171 99919
633 3106 695 3152 non
728 3087 800 3174 (uos
828 3107 890 3154 non
913 3085 983 3175 RB)
1007 3087 1158 3170 repellere.
1183 3089 1338 3171 repetitur
1360 3087 1438 3152 illud

290 3193 436 3276 repellere
470 3195 641 3277 utrimque,
680 3215 716 3260 ex
752 3195 837 3274 boae,
877 3195 962 3278 quod
998 3216 1071 3260 cum
1104 3195 1225 3260 liliano
1259 3194 1436 3271 concordat,

291 3302 471 3366 correctum
505 3303 554 3366 est
585 3301 697 3366 deeora
728 3303 761 3367 in
786 3301 852 3380 OG,
886 3301 1020 3384 denique
1053 3302 1187 3366 uariatio
1220 3300 1277 3365 illa
1298 3321 1355 3366 ees
1377 3320 1436 3364 999

290 3405 375 3492 (RB)
408 3425 482 3471 cum
505 3407 619 3472 Tiliani
654 3407 792 3494 lectione
827 3409 904 3473 item
944 3409 1099 3494 congruit,
1138 3427 1217 3492 quae
1255 3409 1434 3492 argumenta

291 3512 463 3596 genuinam
495 3533 565 3578 esse
596 3512 874 3599 interpolationem
906 3515 995 3579 illam
1024 3516 1169 3580 euincere
1196 3516 1342 3596 possunt.
1376 3512 1435 3577 duo

290 3619 431 3682 extrema
467 3618 681 3684 additamenta
718 3622 853 3686 alterum
886 3619 930 3708 (p.
967 3622 1039 3702 171,
1075 3619 1176 3706 3-5)
1208 3620 1314 3684 991119
1352 3619 1437 3700 epod

289 3722 428 3789 beroleos
461 3745 533 3790 cum
566 3727 706 3808 complet
736 3727 843 3792 locum
877 3747 983 3793 sacrae
1017 3728 1190 3810 scripturae
1219 3726 1345 3809 saepius
1369 3743 1435 3809 919-

292 3831 404 3910 latum,
423 3833 493 3896 tum
512 3833 701 3898 sententiam
723 3835 834 3916 postea
858 3832 1043 3916 explicatam
1067 3832 1155 3918 (172,
1182 3834 1224 3897 14
1247 3830 1308 3919 sq.)
1331 3830 1436 3896 uerbis

285 3939 422 4020 9199199
445 3941 489 4002 991
521 3938 603 4002 99199
636 3958 661 4002 9.
680 3958 708 4020 q.
726 3957 751 4003 s.
786 3959 822 4003 ex
854 3939 999 4004 9911911119
1032 3939 1153 4004 uariare
1186 3938 1332 4015 uidetur;
1365 3939 1436 4022 post

290 4063 404 4108 uocem
418 4043 570 4130 9999997(
594 4094 602 4110 .
619 4045 651 4126 7)
665 4064 779 4110 manus
795 4044 903 4110 eadem
915 4045 1134 4110 recentissima
1149 4064 1275 4112 erucem
1290 4043 1436 4129 apposuit

290 4153 324 4214 91
359 4151 391 4215 in
428 4151 568 4235 margine
607 4151 776 4235 adscripsit
811 4153 915 4216 oreiss.
949 4153 1084 4216 alterum
1120 4151 1249 4216 tandem
1287 4150 1330 4237 (p.
1362 4150 1433 4224 172,

289 4257 344 4322 21.
380 4256 434 4343 22)
465 4257 552 4322 Ρ9111
585 4259 722 4341 99991911
754 4259 939 4340 comprobat
969 4258 1081 4322 laudes
1105 4257 1377 4342 argumentatione
1401 4261 1434 4320 ’91

288 4363 453 4430 Matthaeo
479 4364 678 4446 deprompta3
689 4441 691 4444 ¹
703 4385 774 4429 nam
794 4365 876 4445 qood
892 4365 1043 4428 ieslioctu
1062 4365 1112 4428 dei
1124 4364 1231 4445 patris
1248 4363 1303 4427 199
1321 4361 1435 4426 11199111
