3052 5012
77 423 81 430 ·
124 349 126 354 Ι
233 390 297 454 114
574 384 601 436 S.
631 380 1030 451 Optatihlilcuitani

229 582 338 667 igitur,
373 579 457 662 quod
488 580 608 643 lectum
643 581 705 642 est:
740 577 864 642 oleum
897 574 1112 659 peccatoris
1151 594 1221 639 non
1261 578 1369 658 ungat

230 691 344 772 caput
366 707 496 752 meum.
520 685 674 751 rationem
698 683 854 762 ueritatis,
877 683 974 747 frater
990 681 1208 760 Parmenione,
1232 681 1285 744 uel
1308 700 1369 746 sero

226 793 372 874 addisce,
397 791 546 875 quoniam
569 811 652 856 nuno
675 793 803 874 tempus
827 793 877 855 est
899 789 1040 854 inuenire
1065 789 1217 856 discendi.

274 900 307 965 8.
331 900 373 963 llt
390 897 481 976 illud,
502 897 586 980 quod
604 897 637 961 in
657 897 825 962 Salomone
845 897 999 980 propheta
1020 897 1141 960 lectum
1166 915 1236 960 esse
1258 894 1370 959 dixisti:

229 1005 337 1070 filios
376 1005 635 1070 adulterorum
671 1003 1007 1080 inconsummatos,
1047 1005 1079 1066 et
1116 1003 1245 1086 spuria
1282 1001 1408 1066 nitu-5

113 1119 116 1126 '
229 1113 368 1177 lamina
392 1113 489 1176 altas
513 1111 661 1176 radices
686 1110 772 1176 dare
796 1129 867 1176 non
897 1130 1020 1193 posse,
1051 1110 1111 1175 hoc
1136 1113 1168 1174 et
1192 1109 1373 1191 simpliciter

231 1220 353 1284 dictum
386 1238 456 1284 esse
489 1218 633 1302 intellegi
666 1219 783 1301 potest.
817 1218 900 1282 unde
934 1219 961 1282 si
993 1218 1129 1301 figuram
1152 1217 1262 1293 facias,
1286 1235 1372 1280 ueros

231 1326 392 1392 adulteros
417 1325 583 1390 excusasti.
609 1325 666 1389 sed
687 1324 747 1404 fac,
772 1328 809 1388 ut
831 1324 1007 1408 figuraliter
1030 1324 1151 1389 dictum
1175 1325 1232 1389 sit:
1257 1324 1317 1388 hoc
1339 1322 1373 1387 de

230 1432 398 1497 haereticis
432 1432 553 1496 dictum
586 1434 645 1509 est,
679 1431 763 1515 apud
796 1450 876 1512 quos
906 1433 982 1495 sunt
1005 1433 1277 1496 sacramentorum
1300 1430 1374 1494 falsa

232 1539 368 1605 conubia
391 1540 477 1604 etin
507 1559 641 1622 quorum
674 1539 752 1603 toris
784 1538 937 1621 iniquitas
970 1539 1143 1616 inuenitur,
1175 1537 1232 1602 ubi
1265 1537 1297 1602 in
1329 1556 1408 1601 ex·1⁰

232 1646 415 1710 terminium
440 1645 513 1710 fidei
538 1648 684 1728 corrupta
707 1647 782 1710 sunt
806 1645 937 1709 semina.
963 1643 1038 1708 dum
1062 1644 1253 1710 Ualentinus
1277 1645 1374 1709 filium

230 1752 281 1817 dei
312 1752 344 1816 in
376 1752 620 1835 phantasmatis,
653 1771 715 1816 non
747 1752 780 1816 in
814 1770 905 1816 carne
938 1751 1039 1816 fuisse
1073 1750 1247 1829 contendit,
1285 1751 1374 1815 fidem

232 1880 323 1925 suam
348 1880 541 1943 suorumque
567 1861 716 1943 corrupit.
750 1859 930 1924 natiuitatis
960 1879 1068 1925 eorum
1098 1878 1206 1924 semen
1235 1858 1372 1923 extermi-

231 1969 341 2031 natum
365 1970 424 2046 est,
449 1967 588 2049 quinon
613 1966 813 2032 crediderunt
835 1966 937 2031 filium
962 1966 1012 2031 dei
1034 1966 1067 2029 in
1092 1985 1183 2030 carne
1206 1967 1316 2029 natum
1339 1964 1373 2028 de

229 2074 352 2159 uirgine
375 2073 475 2138 Maria
498 2075 531 2138 et
552 2093 682 2157 passum
707 2073 738 2137 in
764 2091 865 2138 carne.
1391 2087 1410 2127 1⁵

278 2183 313 2245 9.
338 2179 420 2244 Nam
454 2182 486 2244 et
517 2179 609 2257 illud,
643 2179 730 2264 quod
761 2180 793 2243 in
816 2179 978 2244 Hieremia
1009 2180 1164 2263 propheta
1195 2182 1227 2243 te
1260 2179 1373 2262 legisse

231 2305 470 2364 commemoras,
506 2286 703 2352 exhorruisse
736 2287 871 2365 caelum,
906 2287 991 2369 quod
1015 2287 1077 2351 duo
1105 2287 1246 2371 maligna
1268 2285 1375 2350 fecerit

232 2394 371 2477 populus
396 2392 457 2472 dei,
481 2395 519 2456 ut
546 2393 859 2476 derelinquerent
886 2393 1028 2458 fontem
1058 2412 1174 2476 aquae
1202 2392 1313 2456 uiuae
1340 2395 1375 2455 et

231 2500 407 2566 foderent
436 2499 510 2564 sihi
537 2500 644 2566 lacus
673 2500 845 2579 detritos,
875 2501 938 2582 qui
966 2519 1036 2564 non
1064 2502 1224 2582 possent
1247 2518 1374 2581 aquam

232 2607 441 2672 continere:
465 2606 574 2690 legisti
598 2606 736 2689 quidem,
761 2606 827 2685 sed,
851 2609 889 2671 ut
912 2626 945 2671 se
969 2626 1019 2671 res
1043 2607 1171 2684 habent,
1194 2606 1375 2689 intellegam
1391 2623 1413 2660 a

231 2713 379 2790 noluisti;
404 2713 510 2779 studio
536 2713 720 2777 criminandi
744 2713 784 2777 ad
808 2713 988 2779 conuicium
1013 2713 1242 2778 catholicorum
1266 2714 1376 2777 cuncta

322 2940 334 2992 l
355 2940 400 2995 Ps.
421 2940 480 3002 140,
500 2941 516 2992 5
608 2939 623 2992 5
644 2938 707 3008 Sap.
726 2939 751 3003 3,
773 2940 819 3004 16;
838 2941 864 3004 4,
884 2940 901 2993 3
993 2939 1026 2993 18
1045 2939 1119 2992 Hiar.
1139 2941 1164 3003 2,
1185 2941 1218 2992 13

271 3080 445 3152 3quouiam]
466 3097 545 3149 quam
564 3097 671 3134 nuncu
742 3082 851 3151 tempus
874 3079 996 3134 discendi
1019 3080 1151 3134 inuenisti
1172 3080 1206 3144 G,
1271 3083 1375 3150 tempus

231 3170 290 3225 inu.
310 3168 374 3223 disc.
395 3169 421 3232 d,
441 3187 495 3222 non
515 3172 558 3223 est
575 3172 682 3239 tempus
700 3169 746 3222 ael
763 3185 834 3223 nunc
852 3185 907 3222 non
930 3172 1037 3239 tempus
1057 3172 1099 3223 est
1117 3169 1238 3223 iuuenile
1258 3169 1375 3223 discendi

207 3283 209 3288 ’
231 3258 301 3314 coac.
326 3258 456 3322 Oasaub„
478 3261 586 3328 tempus
610 3260 651 3311 est
672 3258 803 3311 inuenisti
827 3257 983 3312 discendit
1082 3260 1100 3312 4
1122 3258 1152 3310 in
1175 3258 1333 3328 psalomone
1351 3259 1376 3310 B

231 3349 333 3401 lectum
352 3353 395 3400 est
415 3351 476 3410 (om.
498 3347 600 3414 dixisti)
622 3347 649 3402 G
720 3347 737 3400 5
760 3347 840 3418 filios]
865 3348 954 3401 oleum
977 3349 1127 3418 peccatoris
1147 3350 1175 3401 et
1194 3347 1375 3403 adulterorum

231 3437 478 3490 inconsummatos
499 3439 522 3498 (s
540 3438 589 3504 fia.
609 3437 679 3506 cop.)
701 3453 758 3490 csse
780 3436 806 3490 G
879 3440 1078 3491 consummatos
1096 3437 1161 3505 RB,
1180 3438 1375 3492 consumatiso

232 3526 393 3579 uitulamine
414 3528 440 3592 (a
454 3526 572 3593 perduc.
593 3531 618 3580 et
635 3526 666 3579 ia
683 3542 734 3595 mg.
755 3526 820 3579 ada.
840 3543 874 3580 m.
895 3529 915 3580 2
933 3531 958 3593 a)
982 3526 1008 3580 G
1062 3527 1153 3581 dalla
1172 3526 1200 3578 B
1255 3527 1375 3595 locros]

232 3622 293 3668 uros
315 3612 341 3666 G
413 3612 487 3666 Ssit
505 3630 556 3668 om.
579 3613 610 3668 G
677 3615 910 3669 decoramentum
931 3615 990 3683 (sic)
1010 3615 1037 3668 B
1117 3614 1188 3668 falsa
1206 3615 1376 3694 conuiuiaG

235 3729 269 3782 10
290 3728 368 3797 toris]
394 3729 481 3811 choris
499 3728 536 3782 od
555 3730 613 3796 (aed
631 3731 681 3798 cfr.
702 3729 763 3782 lior.
783 3729 851 3798 Sap.
871 3730 932 3793 ΠΙ,
952 3733 998 3798 16)
1109 3730 1181 3784 inter
1200 3731 1375 3786 exterminum

234 3864 313 3928 (corr.
333 3877 354 3914 s.
375 3860 392 3914 l.
412 3865 438 3914 et
455 3860 474 3914 i.
494 3877 544 3930 mg.
563 3862 592 3914 in
612 3861 677 3916 cdd.
696 3879 731 3915 m.
751 3866 779 3926 2)
802 3861 828 3915 G
884 3862 917 3916 12
935 3862 964 3916 in
982 3862 1147 3918 fantasmata
1168 3863 1211 3918 Gb
1270 3865 1302 3918 13
1316 3830 1374 3917 ood-

231 3950 305 4018 rupit
325 3951 349 4016 (r
366 3965 388 4005 s.
409 3950 426 4002 1.
447 3967 479 4006 m.
501 3953 530 4018 2)
545 3950 582 4014 R,
603 3951 750 4021 corrumpit
766 3951 792 4005 G
891 3954 933 4006 est
952 3951 1158 4006 exterminatum
1176 3952 1202 4006 G
1286 3954 1318 4007 14
1336 3953 1374 4004 in·

233 4041 371 4093 comatum
386 4039 417 4093 de
432 4038 518 4093 Maria
532 4039 637 4108 uirgine
654 4039 680 4093 G
754 4041 787 4095 15
805 4039 954 4108 mafmaria
971 4041 999 4093 B
1077 4042 1110 4094 16
1129 4041 1202 4110 quod
1220 4041 1376 4096 iniheremia

234 4127 293 4194 (oio)
313 4127 340 4180 B
412 4128 545 4197 propheta
564 4144 614 4182 om.
637 4129 663 4182 G
736 4130 770 4183 17
790 4130 1005 4183 commemorasti
1026 4129 1069 4184 Gh
1147 4129 1180 4182 18
1198 4130 1315 4200 populus
1334 4127 1375 4182 dei

232 4214 371 4269 feceritah
427 4216 460 4270 19
479 4216 649 4271 foderuntG
720 4222 835 4288 possunt
850 4218 877 4273 G
948 4220 1058 4289 aqueB
1108 4219 1142 4273 20
1155 4236 1198 4273 res
1211 4237 1240 4273 se
1253 4218 1375 4274 hahetG

231 4303 349 4358 habeto
