3148 5020
626 419 845 474 Praefatio.
1262 424 1308 488 IX

159 610 259 675 libros
285 611 428 696 singulos
448 613 644 696 argumentis
662 613 850 679 terminasse
874 615 1069 684 tractandis?
1092 617 1199 699 potius
1219 638 1306 702 argu·

161 719 342 800 mentorum
379 717 533 796 ordinem,
566 738 628 784 non
664 720 818 785 librorum
858 741 1022 788 numerum
1061 723 1193 790 indicari
1230 724 1309 790 satis

161 823 313 892 habuisse
345 824 460 907 potuit.
495 825 552 889 sed
583 824 623 891 ad
647 827 793 910 grauiora
815 832 1024 895 transeamus.
1049 831 1151 894 multa
1179 831 1310 896 catholi-

163 950 272 996 corum
292 929 443 1015 dogmata
461 950 559 1013 eaque
579 933 770 1018 grauissima
787 935 820 998 in
836 936 1085 1001 controuersiam
1101 937 1309 1002 aDonatistis

162 1041 279 1104 uocata
302 1041 386 1116 sunt,
411 1059 545 1122 quorum
570 1041 624 1105 alii
646 1041 739 1120 ferro,
764 1042 921 1124 scriptura
945 1043 1010 1120 alii,
1029 1043 1061 1107 in
1081 1043 1131 1108 his
1150 1045 1310 1108 Parmeni-

163 1164 242 1210 anns
265 1145 331 1223 ille,
356 1145 546 1212 aduersariis
573 1147 691 1214 instare
714 1149 877 1230 parabant.
899 1149 1031 1214 illorum
1053 1150 1194 1232 impetus
1217 1152 1310 1216 miles

164 1255 314 1330 armatus,
353 1253 391 1317 ab
429 1251 546 1334 Optato
583 1253 699 1319 iterum
734 1255 915 1338 iterumque
957 1248 1117 1336 laudatus,
1158 1258 1310 1340 repellere

165 1362 308 1436 conatum
342 1359 456 1424 horum
487 1360 615 1425 libeDos
652 1361 770 1426 libellis
811 1361 949 1427 refutare
987 1363 1202 1428 adsertoribus
1239 1362 1312 1427 fidei

165 1466 341 1531 catholicae
375 1485 468 1532 curae
502 1469 561 1531 111.
594 1467 653 1531 tali
676 1487 711 1532 er
734 1472 841 1534 mente
866 1469 1062 1552 consilioque
1087 1470 1197 1554 Optati
1220 1471 1311 1554 prod-

163 1572 270 1636 ierunt
291 1572 365 1636 libri
389 1571 457 1658 (cfr.
483 1575 513 1650 6,
543 1575 562 1637 5
590 1572 658 1653 sq).
683 1574 800 1639 sedut
823 1594 893 1641 1111
918 1576 1000 1640 11111
1025 1577 1182 1642 eiusmodi
1204 1562 1312 1658 litium

47 1670 49 1676 ’
164 1682 286 1757 natura,
306 1697 385 1761 quae
408 1681 555 1762 repulsae
574 1680 764 1774 uidebantur
788 1682 966 1746 calumniae
990 1701 1051 1747 non
1077 1683 1313 1758 obmutescunt,

160 1786 399 1865 prouocationes
430 1785 532 1849 adbuc
562 1786 727 1866 pullularat,
761 1790 799 1851 ut
832 1786 941 1869 Optati
973 1789 1076 1872 ipsius
1099 1792 1172 1854 utar
1190 1789 1312 1864 uerbis,

167 1892 281 1974 quibus
313 1891 431 1956 librum
462 1893 556 1956 illum
589 1893 762 1975 septimum
796 1894 969 1960 ordientem
997 1895 1082 1962 lacit.
1127 1914 1206 1978 quae
1240 1914 1313 1959 cum

167 1999 273 2080 aliqua
306 2017 342 2062 ex
372 2000 461 2081 parte
496 1999 673 2082 probabilia
705 2000 883 2079 uideantur,
918 1999 1053 2084 Optatus
1087 2021 1140 2066 111
1174 2001 1313 2084 primum
1429 2019 1431 2024 ·

167 2104 266 2170 edidit
298 2105 397 2170 libros
430 2124 547 2187 eosque
580 2107 713 2189 pulchra
740 2107 798 2171 illa
826 2107 953 2191 aucupii
984 2108 1122 2192 imagine
1155 2107 1312 2190 perlectos

167 2212 405 2294 absolutosque,
431 2213 603 2294 septimum
631 2212 754 2278 addidit
772 2214 953 2280 recentibus
977 2231 1186 2296 responsurus
1209 2214 1314 2278 Dona·

166 2317 315 2382 tistarum
342 2317 467 2384 iniuriis
497 2316 566 2404 (cfr.
598 2321 672 2398 158,
698 2321 717 2383 6
740 2317 811 2405 sq).
838 2321 893 2403 qui
915 2340 1021 2385 rorum
1050 2321 1125 2386 ordo
1150 2320 1227 2385 adeo
1252 2339 1313 2384 non

168 2424 265 2488 durus
288 2423 460 2504 uideretur,
479 2428 518 2490 ut
540 2425 679 2490 dubitari
702 2446 764 2491 non
788 2431 909 2508 posset,
930 2428 957 2492 si
977 2428 1132 2510 septimus
1156 2427 1211 2490 ille
1234 2425 1316 2490 liber

168 2531 326 2595 adfinem
349 2529 507 2614 quendam
529 2532 702 2612 perductus
726 2537 812 2598 esset
835 2533 1083 2618 cogitationibus
1107 2534 1187 2598 bene
1211 2533 1314 2615 dispo·

169 2639 250 2706 sitis.
280 2637 391 2720 quodsi
422 2638 578 2722 contingit
600 2639 732 2722 probare
755 2639 787 2704 in
810 2639 1063 2704 dubitationibus
1093 2639 1314 2723 scrupulisque

170 2744 278 2829 Optati
300 2747 441 2810 mentem
465 2745 638 2826 stilumque
661 2745 869 2812 nibilominus
893 2746 1034 2811 redolere
1058 2765 1104 2823 ea,
1130 2765 1210 2828 quae
1234 2745 1315 2811 libro

170 2852 306 2935 septimo
332 2851 542 2930 continentur,
567 2851 660 2916 facile
688 2854 738 2916 est
763 2851 931 2917 intellectu
958 2851 1038 2917 libro
1072 2856 1232 2934 postremo
1267 2872 1315 2918 11-

169 2963 304 3022 tremam
330 2977 460 3022 manum
484 2978 546 3023 non
570 2958 755 3025 accessisse.

216 3064 447 3129 Grauissimam
471 3083 545 3129 sane
570 3063 800 3132 dubitationem
824 3065 862 3130 do
886 3065 960 3129 libri
978 3065 1040 3130 VII
1058 3065 1240 3150 integritate
1264 3065 1316 3128 ad-

170 3172 255 3246 tulit,
280 3171 364 3253 quod
386 3171 418 3234 11
444 3189 479 3235 11
501 3169 636 3254 Optatus
656 3171 760 3236 minus
780 3189 888 3236 seuere
908 3190 945 3235 ac
964 3172 1166 3236 uehementer
1185 3191 1258 3236 cum
1278 3170 1316 3235 de

171 3273 411 3343 Donatistarum
431 3277 587 3342 erroribus
606 3280 676 3342 tnm
695 3277 734 3342 de
749 3277 926 3342 Donatistis
946 3279 978 3341 in
999 3278 1187 3343 catholicam
1205 3278 1316 3360 recipi-

169 3383 260 3449 'endis
273 3384 404 3451 iudicat.
423 3383 661 3450 Donatistarum
675 3383 833 3467 principes
853 3384 1031 3462 traditores,
1052 3404 1161 3450 eorum
1176 3385 1317 3449 adsecta-

171 3494 255 3556 tores
269 3490 458 3554 traditorum
473 3489 566 3566 filios,
585 3493 737 3572 utrosque
757 3489 954 3556 scismaticos
974 3491 1075 3574 carpit
1093 3493 1131 3556 ab
1149 3491 1317 3556 haereticis

173 3596 428 3681 distinguendos3
459 3595 512 3678 qui
540 3599 649 3661 utrum
672 3597 724 3680 pio
749 3597 901 3662 eeclesiae
927 3597 1100 3662 catholicae
1125 3597 1196 3663 sinu
1219 3598 1318 3680 recipi

171 3704 298 3786 possint
328 3721 436 3781 necne,
462 3723 534 3768 1111
559 3723 703 3778 summus
727 3703 794 3768 litis
823 3704 927 3769 cardo.
955 3699 1134 3769 Donatistis
1162 3704 1317 3768 unitatem

174 3809 490 3892 communionemque
504 3810 680 3874 uitantibus
694 3810 762 3876 iure
778 3810 925 3896 denegari
940 3811 1096 3875 unitatem
1112 3811 1208 3876 etiam
1222 3814 1318 3892 atque

174 3917 269 3982 etiam
285 3913 420 3999 Optatus
440 3915 594 3994 adfirmat,
610 3916 694 3997 quod
709 3936 746 3980 ex
764 3917 918 3982 scelerum
934 3918 1019 3982 molo
1034 3936 1070 3982 ac
1087 3916 1243 4000 grauitate
1258 3918 1317 3981 sub

172 4024 425 4108 intellegentiam
440 4022 550 4087 cadere
564 4023 720 4088 uideatur.
737 4026 769 4086 at
782 4023 862 4087 libro
879 4023 1014 4105 septimo
1029 4041 1090 4087 non
1106 4023 1210 4088 solum
1224 4022 1319 4086 tradi-

173 4133 279 4196 torum
293 4129 377 4195 filios
402 4129 622 4195 communione
645 4128 857 4210 prohibendos
877 4148 939 4192 non
964 4148 1034 4194 asse
1057 4131 1239 4212 perseuerat
1263 4127 1319 4192 sed

175 4239 269 4302 etiam
285 4236 443 4319 principes
461 4235 590 4301 illorum
605 4235 801 4317 repellendos
818 4253 880 4299 non
895 4234 994 4299 fuisse
1010 4235 1158 4311 declarat,
1175 4233 1319 4298 1111111-

174 4348 296 4410 tassent
311 4343 378 4408 suis
393 4343 590 4427 temporibus
606 4341 771 4408 unitatem.
792 4341 848 4406 sed
870 4341 948 4405 haec
973 4340 1069 4404 animi
1092 4341 1260 4404 clementia
1284 4359 1319 4405 11
