3148 5020
515 458 632 512 Liber
659 459 815 528 primus.
844 475 865 512 c.
894 460 1006 513 11-13.
1289 464 1328 526 15

179 652 212 714 et
245 651 428 714 communia
461 655 657 716 sacramenta
690 653 841 718 traxistis.
879 672 975 735 quare
1008 673 1081 718 cum
1114 655 1192 720 haee
1225 655 1330 720 omnia

179 757 349 823 haereticis
372 759 451 822 bene
475 761 640 842 negentur,
666 751 741 842 quid
769 761 829 825 tibi
857 761 964 826 uisum
994 765 1042 826 est
1070 763 1148 827 haec
1177 765 1209 827 et
1236 763 1329 827 uobis

179 882 295 948 negare
319 865 471 942 uoluisse,
495 886 576 949 quos
600 867 799 933 scismaticos
824 888 894 933 esse
922 869 1128 933 manifestum
1158 873 1235 935 est?
1269 891 1328 935 uos

180 970 266 1034 enim
289 971 374 1036 ioras
398 973 519 1038 existis.
544 975 754 1056 quantumin
779 975 870 1040 nobis
895 978 954 1052 est,
979 977 1178 1053 nolebamus,
1208 981 1246 1040 ut
1269 978 1330 1043 soli

146 1077 405 1143 adamnarentur
432 1081 599 1151 haeretici:
634 1086 788 1162 quantum
816 1083 848 1146 in
876 1085 909 1146 tc
938 1086 997 1150 est.
1027 1083 1124 1147 etiam
1152 1103 1212 1148 uos
1241 1085 1328 1167 ipsos

180 1203 255 1248 cum
280 1186 326 1250 eis
350 1205 414 1251 una
437 1189 594 1253 sententia
617 1190 709 1254 ferire
734 1191 877 1256 uoluisti.

224 1291 276 1358 13.
311 1292 373 1358 Sed
396 1294 458 1358 iarn
482 1299 520 1359 ut
547 1297 586 1360 ad
613 1299 812 1380 propositum
841 1299 1039 1383 singularum
1060 1319 1164 1363 rerum
1186 1299 1328 1363 ordinem

178 1399 358 1478 redeamus,
382 1402 485 1483 primo
508 1404 579 1468 1000
605 1404 689 1473 audi.
715 1406 769 1486 qui
791 1405 909 1469 fuerint
936 1406 1114 1484 traditores,
1145 1409 1177 1470 et
1204 1406 1329 1489 plenius

179 1503 328 1572 auctores
352 1509 513 1575 scismatis
538 1511 635 1578 disce.
669 1513 700 1576 iu
725 1514 832 1578 Africa
855 1514 917 1579 duo
941 1514 1025 1578 mala
1054 1517 1085 1577 et
1113 1513 1253 1596 pessima
1277 1513 1329 1576 ad-

123 1633 155 1670 1o
178 1615 281 1678 missa
305 1635 375 1680 esse
399 1620 535 1695 constat,
559 1639 660 1683 unum
683 1621 714 1683 in
738 1619 918 1689 traditione.
944 1622 1078 1684 alterum
1106 1621 1137 1684 in
1168 1619 1328 1696 scismate,

180 1722 238 1786 sed
253 1725 388 1804 utraque
405 1723 488 1788 mala
503 1729 535 1789 et
548 1747 612 1792 uno
631 1731 773 1811 tempore
794 1731 826 1792 et
843 1727 956 1793 iisdem
977 1728 1160 1792 auctoribus
1180 1726 1330 1791 uidentur

180 1847 252 1894 esse
277 1834 458 1901 commissa.
484 1835 579 1899 debes
605 1854 689 1918 ergo,
718 1835 814 1899 irater
836 1834 1051 1902 Pannoniane.
1083 1834 1214 1898 discere.
1244 1833 1330 1916 quod

177 1938 376 2022 intellegeris
399 1941 555 2024 ignorare.
580 1960 652 2004 nam
675 1940 773 2004 ferme
798 1945 869 2004 ante
894 1961 990 2006 annos
1011 1942 1175 2024 sexaginta
1194 1944 1226 2005 et
1244 1941 1329 2023 quod

178 2046 318 2109 excurrit
348 2066 405 2128 per
436 2050 537 2111 totam
565 2047 705 2112 Africam
733 2049 965 2130 persecutionis
995 2051 1044 2112 est
1073 2047 1221 2131 diuagata
1249 2051 1328 2110 tem-

121 2167 151 2206 15
180 2155 301 2234 pestus
322 2173 402 2235 quae
422 2155 501 2220 alios
520 2155 631 2219 fecerit
648 2158 814 2238 martyres,
834 2156 913 2220 alios
933 2156 1140 2232 confessores,
1160 2154 1328 2219 nonnullos

176 2260 339 2324 funestam
364 2263 538 2344 prostrauit
560 2263 592 2326 in
616 2266 762 2339 mortem,
781 2264 918 2327 latentes
939 2262 1062 2326 dimisit
1079 2263 1227 2326 inlaesos.
1253 2261 1329 2343 quid

178 2385 427 2432 commemorem
444 2369 554 2446 laicos,
575 2370 629 2451 qui
653 2373 730 2434 tuno
752 2369 784 2433 iu
809 2369 944 2434 ecclesia
967 2370 1056 2433 nulla
1078 2368 1205 2432 fuerant
1228 2367 1328 2452 digni·

176 2475 247 2536 tate
263 2473 412 2538 suffulti?
433 2475 509 2556 quid
528 2475 691 2541 ministros
709 2476 889 2558 plurimos?
909 2475 985 2557 quid
1005 2475 1153 2540 diaconos
1172 2475 1203 2538 in
1223 2475 1328 2552 tertio,
1352 2489 1355 2494 '

177 2579 256 2660 quid
275 2581 475 2663 presbyteros
494 2582 526 2646 in
547 2583 685 2646 secundo
706 2582 882 2647 sacerdotio
902 2583 1116 2647 constitutos?
1141 2582 1203 2664 ipsi
1223 2581 1327 2663 apices

120 2706 151 2743 20
177 2690 212 2751 et
236 2687 394 2769 principes
419 2688 570 2764 omnium,
591 2689 690 2770 aliqui
709 2688 851 2772 episcopi
868 2688 956 2751 illius
978 2689 1138 2771 temporis,
1160 2690 1196 2750 ut
1215 2688 1327 2751 damno

175 2796 326 2857 aeternae
359 2794 445 2857 uitae
478 2795 573 2859 istius
605 2795 743 2860 incertae
775 2795 857 2858 lucis
891 2815 994 2859 moras
1022 2795 1227 2858 breuissimas
1257 2814 1328 2859 con-

173 2907 334 2982 pararent,
355 2901 567 2965 instrumenta
591 2902 717 2966 diuinae
740 2903 822 2986 legis
854 2902 938 2985 inpie
971 2902 1179 2968 tradiderunt.
1206 2921 1240 2965 en
1260 2902 1327 2983 qui-

311 3171 393 3205 h'etieia
417 3181 442 3204 no

216 3216 342 3269 lemnia
359 3216 754 3286 benegenturBtcorr.m.2)
811 3217 1138 3272 3manifestissimumG
1191 3217 1325 3270 texistis.

174 3307 310 3371 quantum
335 3305 361 3356 in
386 3304 465 3358 uobis
489 3307 537 3359 est.
564 3305 693 3359 Uolebam
718 3307 733 3359 b
757 3311 782 3359 et
806 3309 868 3371 (om.
893 3309 944 3374 est]
972 3324 985 3360 0
1076 3306 1154 3360 nobis
1179 3323 1217 3358 aa
1246 3304 1325 3357 uobis

173 3392 294 3460 difficile
322 3392 453 3446 distinctu
480 3394 510 3445 ira
529 3394 555 3444 B
647 3395 772 3448 uolebam
799 3395 872 3449 RBu
962 3397 1054 3448 dinte
1085 3398 1126 3447 est
1155 3397 1182 3447 et
1210 3395 1264 3447 iam
1288 3394 1324 3456 B,

171 3482 231 3534 iarn
252 3496 303 3533 cru.
328 3497 342 3532 v
450 3483 466 3534 d
491 3498 544 3534 una
567 3483 719 3535 sententiae
738 3483 771 3544 Ρ,
796 3500 877 3536 unam
901 3483 1064 3536 seutentiam
1086 3483 1155 3536 ferre
1176 3481 1289 3534 uoluisti
1311 3498 1324 3533 o

171 3615 191 3668 a
224 3581 352 3666 redimus
380 3614 408 3666 Β
436 3631 468 3667 m.
498 3617 517 3666 a
616 3615 702 3684 primo
735 3616 763 3668 in
795 3616 853 3668 1000
885 3616 911 3670 a
1005 3616 1032 3668 n
1067 3613 1172 3668 hisdem
1203 3613 1325 3668 cocao

174 3703 209 3756 12
238 3701 321 3771 quod]
355 3718 421 3770 quos
447 3702 475 3754 B
585 3705 617 3756 14
645 3703 780 3772 denegata
806 3705 902 3766 aava,
932 3705 978 3758 diu
1012 3720 1042 3756 ac
1069 3706 1131 3755 tuta
1161 3703 1261 3768 (auco.
1295 3705 1326 3807 {a

173 3834 226 3885 inp.
260 3817 364 3870 iactata
394 3823 419 3870 et
448 3818 528 3885 tafroc
557 3834 607 3872 scr.
642 3836 674 3870 nc.
706 3819 838 3872 caecutias.
873 3819 1013 3890 diuagata)
1049 3819 1074 3873 G
1188 3818 1221 3871 15
1253 3836 1323 3872 mas·

1159 3898 1169 3921 θ

170 3933 244 3984 tiras
263 3932 291 3984 B
309 3936 382 3986 aa2
438 3935 471 3986 1ss
490 3933 618 3987 funesta.
635 3935 682 3986 .in
701 3937 788 3986 morte
802 3935 889 3988 RBcb
946 3936 977 3987 17
998 3934 1325 3998 commemoramBm.2

172 4021 211 4073 18
236 4019 342 4072 suffulti
365 4036 415 4074 ono.
443 4021 469 4075 G
576 4023 669 4106 Q
685 4023 714 4075 in
732 4022 789 4074 t'uo
809 4022 907 4092 (adeor.
930 4025 959 4076 irc
976 4039 1026 4091 nep.
1047 4022 1174 4075 diaconos
1193 4023 1221 4076 in
1242 4023 1325 4075 tertio

171 4170 210 4205 m.
231 4155 262 4221 2)
280 4151 306 4205 G
359 4121 482 4208 testioB
521 4157 552 4210 19
571 4155 736 4225 presbiteros
749 4156 805 4210 RB
824 4155 872 4226 (sie
892 4156 999 4223 ratique)
1039 4156 1073 4208 20
1093 4157 1211 4208 omnium
1232 4156 1327 4209 om.P

171 4283 232 4337 illis
251 4286 419 4355 temporibus
437 4287 527 4343 Rapo
600 4289 631 4341 21
658 4255 989 4353 00101οΞ0110111000.2
1081 4256 1324 4343 1101011οΒ002

171 4389 267 4425 moras
287 4375 386 4430 ooaG
441 4377 474 4428 22
494 4377 593 4446 impiae
614 4378 642 4431 R
