3052 5012
266 475 308 538 84
614 473 641 528 S.
670 473 809 544 Optati
834 474 1070 528 Mileuitani

265 669 423 736 dementia
442 689 500 734 sua
518 669 680 748 dictasset,
696 670 758 735 nisi
772 670 951 753 praesentia
965 670 1077 734 armati
1091 670 1204 736 militis
1220 671 1400 738 obstitisset.

264 797 337 842 nam
365 796 438 842 cum
466 778 538 841 ante
566 779 718 841 uenturos
751 776 871 842 milites
906 779 1087 854 metatores,
1116 780 1154 841 ut
1181 777 1249 841 fieri
1277 777 1400 851 adsolet,

263 885 475 964 mitterentur,
495 885 604 950 contra
621 884 759 967 apostoli
780 887 949 968 praccepta
968 886 1171 967 conpetenter
1189 885 1330 968 suscepti
1346 905 1401 950 non

158 1020 160 1025 ·
265 995 349 1071 sunt,
384 993 438 1074 qui
475 991 538 1056 ait:
576 990 636 1056 cui
677 991 1092 1069 honorem,·houorem‚
1131 991 1192 1055 cui
1228 992 1408 1084 uectigal,¹

264 1099 531 1183 uectigalem
563 1098 762 1176 tributum,
795 1098 1002 1173 tributum;
1035 1098 1176 1162 nemini
1210 1099 1435 1180 quicquamo

265 1204 487 1271 debueritis.
512 1205 567 1288 qui
588 1204 681 1269 missi
706 1203 832 1268 fuerant
855 1223 928 1269 cum
952 1204 1043 1287 equis
1067 1204 1145 1282 suis,
1170 1205 1298 1270 contusi
1325 1209 1400 1282 sunt,

264 1311 356 1377 missi
379 1313 417 1376 ao
441 1311 502 1389 us,
525 1293 1402 1394 &Mimnermi

264 1382 1331 1503 mmm
1347 1418 1402 1501 ipsi

265 1525 460 1610 praerogatis
488 1525 612 1590 iniuriis
641 1525 826 1593 docuerunt.
860 1527 1060 1590 reuerterunt
1090 1526 1196 1590 uexati
1224 1525 1343 1590 milites
1369 1525 1402 1588 ad

264 1651 413 1697 numeros
442 1651 528 1711 suco,
559 1635 590 1696 et
618 1633 703 1714 quod
731 1633 793 1698 duo
822 1633 876 1697 uel
904 1635 968 1698 tres
997 1631 1084 1715 passi
1110 1630 1246 1711 fuerent,
1271 1632 1403 1696 uniuersi
1417 1644 1437 1683 o

266 1739 444 1804 doluerunt
478 1739 629 1804 commoti
662 1742 737 1804 sunt
769 1758 889 1819 omnes,
917 1739 1015 1804 iratos
1043 1737 1162 1803 milites
1189 1738 1324 1804 retinere
1351 1755 1401 1801 nec

266 1865 374 1911 eorum
389 1845 562 1929 praepositi
577 1846 757 1914 ualucrunt.
774 1846 821 1911 sic
835 1845 1012 1911 admissum
1032 1848 1090 1924 est,
1106 1845 1191 1928 quod
1207 1845 1240 1909 in
1258 1845 1403 1909 inuidiam

264 1952 380 2016 unitati
403 1952 525 2016 factum
549 1971 618 2018 esse
641 1951 844 2028 memorasti3
868 1952 946 2017 haec
970 1954 1003 2017 et
1026 1955 1129 2017 cetera
1151 1955 1259 2016 uestra
1282 1955 1314 2016 et
1336 1971 1402 2016 sues

266 2078 377 2125 causas
400 2060 518 2125 habent
542 2063 574 2124 et
598 2078 676 2142 quas
700 2058 825 2125 ostendi
847 2078 999 2142 personas
1019 2059 1178 2125 obnoxias.
1198 2059 1259 2124 hoc
1278 2079 1333 2124 nos
1351 2077 1403 2122 uec

264 2168 405 2236 uidimus
438 2166 567 2250 quidem
599 2166 656 2232 sed
687 2166 856 2231 uobiscum
889 2165 1081 2232 audiuimus.
1121 2165 1148 2230 si
1178 2166 1308 2230 auditus
1333 2165 1404 2230 facit
1419 2181 1438 2220 1⁵

264 2294 346 2353 reos,
374 2277 519 2339 tenemus
547 2292 607 2339 uos
636 2273 752 2348 socios,
782 2274 856 2356 quia
884 2272 1031 2338 similiter
1059 2273 1209 2349 audistis;
1235 2273 1263 2336 si
1287 2291 1305 2335 a
1327 2272 1403 2337 facto

354 2504 372 2554 4
390 2502 466 2556 nom.
488 2502 529 2567 13,
549 2502 564 2554 r

302 2671 314 2723 l
342 2670 485 2724 clementia
511 2686 561 2724 sua
582 2669 610 2722 B
700 2668 716 2721 2
741 2667 848 2734 adsolet
873 2669 897 2736 (s
920 2682 1058 2736 suprascr.
1083 2683 1117 2722 m.
1142 2669 1171 2729 2)
1195 2667 1231 2731 R,
1257 2667 1328 2721 solet
1350 2665 1402 2720 edd.

266 2760 320 2812 3et
329 2759 504 2812 mitterentur
518 2759 544 2813 G
603 2759 734 2829 suscepti]
752 2757 933 2827 perturbatos
954 2757 1053 2812 iterum
1071 2757 1138 2810 ordo
1160 2757 1192 2810 tn
1211 2773 1239 2810 o:
1263 2761 1404 2825 sequemur

265 2847 338 2900 caim
349 2864 380 2915 p.
402 2850 436 2900 41
459 2877 492 2884 -
516 2863 548 2914 p.
576 2846 611 2899 42
636 2847 716 2900 boec:
735 2845 829 2899 diuina
848 2844 1016 2913 contemptui
1035 2843 1185 2897 debuerant
1208 2848 1247 2913 (p.
1268 2843 1403 2912 811)-

266 2939 295 2988 et
312 2952 366 2988 non
389 2936 474 2988 uultis
493 2942 533 3002 (p.
552 2935 596 2999 88,
615 2938 654 3002 4),
673 2935 722 2988 ubi
748 2936 847 2988 iterum
873 2950 964 2988 rectem
986 2933 1160 2988 continuatio
1187 2934 1315 2988 uitiatur.
1343 2947 1405 3001 quoe

264 3040 352 3092 supro
369 3030 435 3078 suot
452 3025 484 3077 a'o
503 3024 589 3088 libris,
610 3023 741 3078 exhibeto
750 3041 781 3093 p.
800 3027 838 3076 43
856 3024 907 3077 sub
922 3025 1003 3090 piorem
1017 3024 1082 3078 ztort
1095 3028 1160 3092 poet
1173 3023 1245 3076 oculi
1264 3021 1403 3076 christiani.

266 3114 312 3182 qui
332 3113 371 3166 ait
391 3113 431 3182 (p.
453 3112 512 3176 100,
535 3114 587 3180 14).
607 3112 695 3166 Ooebl.
716 3113 927 3180 deprauattooec'e
949 3128 1036 3168 cauea
1054 3128 1112 3165 reon
1124 3116 1269 3180 perspecto
1288 3109 1405 3164 coniecit:

265 3204 410 3272 praecepta
419 3218 473 3254 non
487 3203 552 3253 sunt
566 3202 749 3269 competenter
761 3202 882 3273 suscepti
895 3217 944 3256 noc
958 3201 1052 3255 diuina
1066 3200 1202 3254 contemni
1216 3199 1361 3253 debuerant
1369 3213 1403 3265 sq.

264 3293 283 3344 4
306 3291 349 3344 cui
374 3290 492 3359 uectigal
515 3289 635 3358 uectigal
659 3304 711 3342 om.
738 3289 764 3343 G
855 3291 871 3342 6
897 3289 1056 3359 debueritis]
1081 3290 1203 3344 debeatis
1233 3289 1323 3355 (tusto
1343 3286 1405 3355 folii

265 3381 424 3445 sensuram)
443 3378 497 3431 nisi
515 3379 547 3431 ut
565 3377 682 3431 inuicem
701 3377 826 3448 diligatis
846 3379 892 3449 qui
910 3379 986 3433 missi
1004 3394 1042 3447 eq.
1065 3379 1091 3434 G
1172 3378 1278 3432 contusi
1297 3375 1404 3430 suntab

265 3468 307 3520 his
326 3466 389 3532 RB,
413 3467 535 3537 pompati
558 3470 623 3521 sunt
646 3467 679 3520 ab
705 3467 748 3520 his
779 3467 813 3532 G,
838 3469 960 3522 concussi
984 3471 1047 3522 sunt
1066 3467 1160 3522 abhis
1181 3483 1205 3530 o,
1225 3464 1406 3537 praeoccupati

266 3554 382 3608 suntab
402 3554 475 3616 iisb,
496 3555 602 3608 contusi
628 3557 693 3608 sunt
716 3555 763 3624 qui
787 3557 863 3609 missi
886 3557 993 3611 fuerant
1012 3573 1072 3659 cum
1098 3556 1173 3624 equis
1199 3556 1255 3608 suis
1275 3555 1307 3608 ab
1330 3553 1360 3607 iis
1378 3551 1403 3606 ot.

266 3669 372 3734 contusi
402 3672 466 3723 sunt
493 3669 568 3723 missi
600 3670 633 3723 ab
666 3670 709 3724 his
731 3672 831 3740 compsi
938 3675 953 3726 7
977 3672 1084 3727 flauello
1112 3671 1139 3738 (b
1166 3686 1188 3724 s.
1219 3671 1236 3724 1.
1264 3687 1298 3724 m.
1325 3670 1354 3734 2)
1379 3667 1404 3720 R

267 3759 406 3812 uentilatis
428 3759 454 3812 G
527 3759 543 3812 8
567 3759 707 3813 lucrante
780 3760 907 3829 iniuriae]
929 3759 1033 3814 inuidie
1055 3759 1081 3814 G
1153 3765 1182 3812 et
1201 3760 1248 3828 qui
1266 3759 1323 3828 pati
1340 3757 1404 3811 RBo

266 3850 419 3918 potuissent
451 3849 508 3903 RB
604 3851 620 3902 9
649 3851 803 3920 praerogati
830 3850 865 3916 B,
896 3850 1090 3919 praecogitatis
1120 3847 1146 3902 G
1261 3842 1403 3902 ll'omnes

266 3954 317 3991 om.
340 3938 366 3991 G
423 3939 454 3990 12
474 3939 630 4007 uoluerunt]
650 3940 796 3993 uoluerunt
814 3941 931 3994 retinere
953 3939 978 3992 G
1052 3938 1123 4008 quod
1142 3937 1178 3991 ad
1197 3940 1230 4007 (s.
1252 3934 1401 3999 1111211)

266 4026 397 4080 inuidiam
429 4027 531 4081 unitati
564 4027 666 4082 factum
698 4029 761 4092 RB,
796 4028 868 4099 quod
901 4029 930 4081 in
963 4027 1067 4080 inuidia
1099 4026 1214 4080 unitatis
1247 4026 1348 4080 factum
1374 4021 1403 4076 G.

267 4114 339 4184 quod
365 4114 497 4169 inuidiam
524 4117 626 4171 unitati
654 4114 753 4171 lactem
782 4118 823 4182 ob,
853 4135 901 4187 per
929 4116 1002 4187 quod
1028 4115 1161 4170 inuidiam
1188 4131 1233 4168 uu.
1263 4115 1360 4168 factam
1380 4110 1402 4166 ct,

268 4203 339 4272 quod
365 4205 394 4256 in
421 4204 553 4259 inuidiam
572 4205 673 4260 unitati
692 4206 793 4261 factum
811 4207 911 4275 compsi
984 4206 1016 4259 13
1035 4204 1191 4259 memoratis
1213 4204 1239 4258 G
1325 4203 1403 4256 cetera

267 4294 345 4362 gesta
370 4293 450 4348 etG
542 4295 576 4347 14
600 4311 633 4348 ne
657 4294 775 4348 uidimus
802 4295 828 4348 G
920 4295 953 4349 15
977 4295 1000 4347 si
1025 4293 1140 4347 audistis
1164 4291 1245 4345 facite
1263 4309 1323 4345 reos
1341 4287 1403 4344 RBc

267 4382 301 4434 16
321 4381 474 4437 audiuimus
492 4383 580 4438 RReo
