3064 5010
435 435 455 488 1.
481 433 583 488 Gesta
608 435 693 505 apud
716 435 947 506 Zenophilum.
1016 517 1020 528 ι
1204 438 1268 500 193

122 632 247 690 sciebam
272 633 401 691 enimin
425 651 541 692 causam
565 635 771 709 imperatorum
800 636 837 692 ad
865 635 921 693 hoc
949 653 1002 694 nos
1033 653 1096 694 esse
1118 637 1268 704 uenturos

124 723 188 780 dum
212 721 289 780 euim
312 722 420 781 talibus
445 724 636 792 conmittitur.

164 812 239 870 Item
267 812 394 870 inductis
424 816 453 871 et
479 813 627 887 adplicitis
651 813 767 872 Uictore
791 813 947 871 Samsurici
973 815 1001 870 et
1024 813 1178 872 Saturnino
1206 812 1268 871 fos-

123 900 236 960 soribus
260 900 433 975 Zenophilus
457 919 485 960 u.
511 919 536 961 c.
561 903 722 961 consularis
747 903 832 962 dixit:
858 901 922 976 quis
945 901 1078 961 uocaris?
1102 901 1327 975 respondit:22a

94 994 105 1032 ⁵
124 991 307 1050 Saturninus.
332 991 506 1065 Zenepbilus
530 1009 558 1051 ιι.
580 1009 604 1050 c.
630 992 793 1050 consularis
813 991 898 1050 dixit:
924 992 1004 1050 cuius
1024 990 1202 1049 condicionis
1222 993 1270 1048 es?

124 1080 297 1138 Saturninus
330 1080 495 1154 respondit:
528 1081 633 1140 fossor.
669 1081 844 1155 Zenophilus
877 1098 906 1138 ιι.
932 1098 956 1138 c.
992 1080 1153 1139 consularis
1185 1078 1270 1136 dixit:

123 1165 273 1227 Siluanum
306 1169 363 1227 scis
397 1187 459 1227 esse
491 1170 682 1229 traditorem?
710 1170 881 1230 Saturninus
911 1169 995 1228 dixit:
1009 1169 1277 1245 Q
1313 1159 1354 1281 bs
1402 1175 1479 1241 ,ci

1401 1244 1404 1255 ι
1419 1245 1425 1259 ,ι
1462 1243 1467 1248 ’

123 1259 483 1334 Qdmimfflugmtmm.
521 1259 696 1334 Zenophilus
719 1278 747 1319 ιι.
774 1276 799 1319 c.
825 1258 986 1317 consularis
1009 1258 1164 1318 Saturnino
1189 1257 1272 1315 dixit:
1324 1286 1328 1300 ι

124 1348 192 1421 quid
216 1347 314 1405 aliud?
346 1348 518 1406 Saturninus
545 1349 710 1423 respondit:
735 1349 814 1406 aliud
842 1347 956 1418 nescio,
985 1348 1042 1406 uisi
1072 1347 1288 1428 quemme:-

84 1447 106 1484 ¹⁰
125 1437 424 1514 ieameametecic.
451 1441 480 1494 et
503 1440 613 1497 remoto
638 1438 793 1498 Saturnino
812 1437 986 1511 Zenophilus
1009 1455 1038 1497 ιι.
1064 1455 1088 1497 c.
1114 1435 1275 1495 consularis

126 1527 197 1584 dixit
217 1526 360 1584 adstanti:
385 1529 417 1584 tu
440 1526 504 1600 quis
528 1528 661 1586 uocaris?
684 1527 848 1602 respondit:
873 1526 971 1584 Uictor
994 1526 1159 1586 Samsurici.
1184 1525 1275 1584 Zeno-

124 1616 224 1689 philus
248 1633 276 1674 u.
303 1633 327 1674 c.
353 1615 514 1674 consularis
539 1617 623 1675 dixit:
659 1616 740 1675 cuius
768 1615 946 1675 condicionis
980 1619 1029 1674 es?
1061 1615 1162 1673 Uictor
1189 1613 1274 1671 dixit:

125 1705 230 1762 artifex
254 1722 327 1764 sum.
353 1705 528 1778 Zenophilus
552 1723 580 1765 u.
606 1723 631 1764 c.
657 1705 817 1764 consularis
842 1705 927 1762 dixit:
956 1705 1086 1763 tabulam
1109 1705 1277 1778 argenteam

125 1794 191 1867 quis
221 1794 362 1852 tradidit?
395 1794 494 1853 Uictor
521 1795 685 1869 respoudit:
719 1812 778 1854 uon
805 1794 880 1863 uidi3
910 1796 987 1866 quod
1016 1794 1086 1865 scio,
1115 1795 1171 1852 hoc
1200 1792 1275 1850 dico.

91 1902 101 1939 ι
129 1883 307 1956 Zenopbilus
330 1901 358 1941 ιι.
384 1902 407 1942 c.
435 1885 597 1942 consularis
622 1885 694 1942 dixit
717 1883 840 1942 Uictori:
869 1883 939 1940 licet
965 1884 1022 1942 iam
1051 1881 1217 1942 coust'terit
1243 1898 1277 1939 ex
1300 1879 1311 1953 ,ἶ

128 1972 322 2046 responsione
347 1990 454 2043 eorum,
481 1973 529 2047 qui
553 1991 643 2047 supra
665 1976 733 2031 sunt
755 1972 935 2046 interrogati,
960 1974 1058 2030 tamen
1077 1974 1109 2030 tu
1128 1971 1299 2042 confitere,¹

127 2070 225 2119 utrum
250 2061 385 2120 Siluanus
408 2063 533 2122 traditor
557 2063 604 2122 sit.
630 2063 730 2121 Uictor
754 2061 839 2120 dixit:
864 2063 992 2119 secundo
1016 2064 1115 2136 petato
1139 2054 1178 2140 (l)
1203 2056 1295 2143 que-j

126 2151 213 2210 modo
238 2151 295 2209 hoc
319 2150 438 2222 dimisit,
463 2155 496 2209 ut
524 2153 693 2210 duceremur
716 2152 753 2209 ad
779 2149 991 2224 Carthaginem,
1023 2169 1070 2210 ore
1098 2150 1190 2224 ipsius
1215 2147 1290 2240 epi-53

126 2241 210 2314 scopi
229 2240 343 2298 audiui:
368 2240 436 2299 data
460 2243 504 2299 est
526 2241 598 2299 mihi
620 2242 739 2300 lucerna
758 2240 897 2314 argentea
915 2243 944 2298 et
962 2240 1121 2314 capitulata
1138 2240 1287 2312 argenteal

83 2349 106 2386 eo
127 2331 155 2387 et
176 2330 232 2387 has
256 2329 375 2386 tradidi.
400 2330 574 2403 Zenophilus
598 2348 627 2388 ιι.
652 2348 677 2390 c.
703 2330 863 2388 consularis
882 2330 991 2388 Uictori
1011 2328 1166 2388 Samsurioi
1190 2299 1284 2421 dixin}

126 2437 143 2476 a
169 2436 226 2493 quo
253 2418 379 2476 audisti?
402 2419 502 2478 Uictor
526 2419 611 2478 dixit:
641 2438 659 2478 a
682 2420 799 2478 Siluano
823 2419 971 2495 episcopo.
1000 2418 1173 2493 zenophilus
1197 2434 1225 2476 u.
1251 2433 1275 2473 c.

127 2507 293 2566 consularis
317 2507 427 2566 Uictori
451 2508 538 2567 dixit:
569 2510 605 2567 ab
629 2509 695 2583 ipse
719 2508 835 2575 audisti,
863 2509 940 2581 quod
966 2508 1154 2566 tradidisset?
1177 2505 1277 2564 Uictor

125 2597 212 2655 dixit:
244 2597 280 2654 ab
305 2596 369 2670 ipse
394 2597 501 2667 audiui,
527 2599 605 2672 quod
629 2599 689 2656 suis
712 2598 847 2656 manibus
875 2597 1045 2655 tradidisset
1071 2597 1147 2655 illas.
1185 2595 1276 2653 Zeno-

123 2685 224 2760 philus
249 2703 279 2745 u.
300 2703 325 2744 c.
351 2686 511 2745 consularis
536 2687 621 2745 dixit:
646 2687 696 2746 ubi
716 2687 842 2746 audisti?
865 2686 964 2745 Uictor
984 2687 1069 2744 dixit:
1094 2685 1124 2742 in
1143 2683 1275 2743 basilica.

81 2794 103 2831 es
124 2775 303 2850 Zenophilus
327 2793 355 2832 u.
376 2793 401 2834 c.
422 2776 583 2834 consularis
603 2776 689 2834 dixit:
715 2777 792 2850 apud
809 2776 1048 2835 Constantinam?
1072 2775 1172 2834 Uictor
1191 2772 1275 2831 dixit:

123 2865 164 2922 ibi
189 2864 291 2938 coepit
313 2865 422 2939 alloqui
445 2865 584 2939 populum
613 2866 727 2924 dicens:
757 2867 791 2924 de
821 2884 877 2940 quo
907 2865 1008 2923 dicum
1034 2883 1079 2922 me
1107 2863 1276 2921 traditorem

124 2971 198 3023 esse,
230 2954 267 3011 de
295 2953 416 3012 lucerna
439 2957 468 3012 et
491 2954 669 3028 capitulata?
697 2955 872 3028 Zenophilus
899 2973 928 3013 ιι.
954 2972 979 3013 c.
1009 2953 1169 3012 consularis
1193 2953 1276 3010 Nun-

122 3042 238 3101 dinario
257 3042 342 3100 dixit:
364 3043 433 3117 quid
448 3043 527 3101 aliud
541 3046 627 3117 putas
648 3061 680 3102 ex
703 3044 749 3102 his
765 3061 827 3102 esse
844 3045 1058 3118 quaerendum?
1077 3040 1276 3101 Nundinarius

122 3131 211 3190 dixit:
244 3132 279 3189 de
304 3131 386 3205 cupis
410 3132 483 3203 fisci,
508 3133 573 3206 quis
597 3133 663 3192 illas
686 3133 763 3195 tulit.
801 3132 977 3208 Zenophilus
1005 3150 1034 3192 ιι.
1060 3151 1085 3190 c.
1115 3128 1276 3189 consularis

78 3237 101 3274 oo
121 3221 312 3279 Nundinario
333 3221 417 3280 dixit:
439 3239 511 3295 quas
531 3227 639 3295 cupas?
658 3222 858 3281 Nundinarius
878 3222 962 3280 dixit:
982 3222 1138 3293 intemplo
1159 3217 1326 3292 Sarapisar

120 3309 244 3368 fuerunt
269 3312 299 3368 et
317 3311 385 3368 tulit
402 3311 468 3370 illas
487 3312 648 3385 Purpurins
667 3312 836 3386 episcopus;
861 3314 984 3381 acetum,
1005 3312 1083 3384 quod
1100 3309 1274 3378 habuerunt,

121 3401 190 3458 tulit
223 3399 308 3457 illum
341 3400 476 3459 Siluanus
510 3401 678 3474 episcopus,
711 3401 838 3460 Dontius
870 3402 1021 3475 presbyter
1058 3401 1088 3472 et
1118 3397 1274 3457 Lucienus

120 3489 303 3564 Zenophilus
336 3507 364 3548 u.
394 3507 418 3549 c.
454 3489 615 3548 consularis
643 3490 826 3549 Nundinario
857 3490 941 3549 dixit:
976 3489 1072 3547 sciunt
1099 3487 1129 3545 id
1157 3487 1275 3555 factum,

121 3579 170 3652 qui
196 3577 366 3636 adsistunt?
394 3577 594 3637 Nundinarius
618 3580 782 3653 respondit:
809 3579 913 3637 sciunt.
944 3579 1081 3637 diaconus
1105 3575 1277 3636 Saturninus

77 3682 100 3719 3⁵
120 3667 209 3726 dixit:
239 3667 378 3725 dicebant
399 3667 523 3726 maiores
547 3668 649 3738 nostri,
670 3669 739 3742 quia
758 3669 891 3727 sublatae
911 3671 987 3726 sunt.
1012 3666 1186 3740 Zenophilus
1204 3682 1233 3723 u.
1250 3680 1275 3722 c.

120 3755 289 3816 consularis
310 3755 394 3814 dixit:
420 3774 437 3814 a
456 3774 512 3830 quo
532 3757 665 3816 sublatae
686 3758 840 3816 dicuntur?
864 3757 1036 3815 Saturninus
1057 3756 1142 3813 dixit:
1167 3755 1276 3812 aPur·

119 3845 206 3920 purio
234 3845 372 3918 episcopo
398 3849 426 3903 et
449 3850 561 3905 acetum
586 3865 603 3904 a
627 3847 745 3906 Siluano
771 3849 799 3905 et
821 3846 929 3906 Dentio
955 3848 984 3904 et
1007 3845 1127 3919 Superio
1154 3843 1276 3917 presby-

155 4000 171 4052 1
193 3998 271 4052 enim
292 4013 399 4050 causam
418 3996 609 4065 imperatorum
633 3997 661 4061 0,
683 3998 755 4051 enirn
774 3999 837 4050 autc
856 3998 1032 4066 imperatores
1046 3996 1081 4059 B,
1102 3996 1173 4049 euim
1188 4011 1277 4048 coram

118 4071 322 4141 imperatorum
350 4067 437 4121 adbuc
466 4067 493 4122 U
516 4086 542 4137 p.
572 4069 606 4122 65
706 4070 734 4122 in
763 4069 863 4122 adaiae·
961 4069 978 4122 8
1002 4068 1148 4122 Saturnino
1173 4083 1224 4120 om.
1248 4064 1278 4118 D

118 4141 261 4211 9depoet
279 4140 330 4207 cfr.
343 4139 463 4194 Rdencb.
477 4139 545 4193 Ital.
561 4140 614 4193 235
670 4141 704 4194 10
719 4139 820 4194 orcaO
873 4141 904 4193 11
922 4143 950 4194 et
964 4143 994 4192 tu
1009 4139 1068 4193 cdd.
1126 4139 1156 4191 ll
1172 4138 1277 4208 petato]

118 4215 209 4283 petito
232 4211 304 4275 edd,
323 4211 425 4279 placito
449 4210 476 4265 U
486 4228 517 4279 p.
537 4211 571 4264 56
645 4212 679 4265 25
699 4212 871 4265 constantina
894 4211 918 4264 0
987 4212 1021 4263 27
1041 4210 1074 4263 de
1092 4210 1230 4263 lucernam
1249 4211 1278 4260 et

118 4283 306 4355 capitulatam
320 4281 343 4336 0
377 4283 411 4336 31
426 4285 544 4336 acetrum
556 4287 601 4350 (=
612 4282 709 4337 Gefiiss
719 4283 737 4336 f.
748 4283 878 4352 Fliissig.)
889 4283 920 4336 D
927 4300 958 4352 p.
974 4283 1016 4347 30,
1031 4283 1061 4335 71
1101 4282 1135 4334 37
1151 4279 1275 4351 Superio]

117 4357 246 4411 Lucieno
264 4357 294 4418 U,
314 4353 416 4408 emend.
435 4353 463 4405 B
482 4354 545 4421 (cfr.
560 4371 590 4422 p.
612 4356 671 4417 195,
693 4356 719 4422 5)

173 4480 262 4519 xxvi.
1176 4459 1208 4510 13
