3148 5020
270 441 360 506 XXX
735 421 953 530 Praefatio.

277 636 393 711 ,altera
415 633 493 697 haec
517 631 614 697 editio
637 667 682 678 -·
705 630 784 696 dicit
816 649 908 697 suam
931 669 974 680 ·-
998 633 1123 699 duobus
1152 635 1416 718 manuscriptis„

272 739 417 816 subnixa,
460 746 614 822 quorum
636 738 772 802 alterum
809 737 855 803 Io.
893 737 974 803 Tilio
1012 739 1162 823 episcopo
1199 740 1416 806 Meldensi...

271 847 457 923 debemus“,
481 843 679 926 eundemque
712 841 853 908 codicem
885 843 1043 910 lilianum
1075 845 1195 928 profert
1225 846 1257 911 in
1290 847 1417 912 adnata

271 952 413 1018 tionibus
443 949 482 1014 ad
506 947 615 1031 Optati
643 950 741 1015 libros
770 949 828 1027 III,
858 949 913 1028 IV,
986 953 1031 1036 (p.
1062 953 1136 1031 168,
1167 953 1238 1036 17),
1275 953 1418 1037 inprimis

272 1059 334 1122 VH
351 1056 593 1142 pertinentibus.
613 1055 645 1120 in
664 1057 735 1122 loco
754 1059 916 1138 postremo
935 1057 1007 1124 libr.
1026 1057 1087 1122 Vll
1106 1059 1250 1142 spurium
1275 1077 1345 1124 sese
1364 1060 1417 1124 ali·

273 1164 397 1247 quando
422 1163 619 1246 suspicatum
642 1163 785 1227 mutasse
810 1163 1000 1228 sententiam
1024 1182 1117 1229 suam
1139 1165 1307 1249 profitetur
1329 1185 1417 1242 ,curn

272 1271 325 1335 hie
347 1269 428 1334 liber
449 1268 624 1352 reperiatur
644 1267 677 1332 in
701 1268 804 1333 tribus
825 1269 942 1351 quibus
961 1287 1041 1335 usus
1061 1289 1132 1336 6616
1151 1271 1417 1356 manuscriptis..

271 1376 351 1441 bene
374 1378 481 1441 autem
504 1373 611 1453 habet,
636 1374 720 1458 quod
743 1375 865 1439 multae
888 1374 1031 1459 paginae,
1051 1395 1131 1458 6666
1151 1377 1418 1456 desiderabantur,

271 1484 419 1548 inuentae
443 1482 573 1547 suntin
597 1481 719 1546 Tiliano
745 1481 915 1564 exemplari
938 1485 971 1546 et
992 1484 1155 1564 postrema
1176 1503 1259 1567 pars,
1285 1485 1418 1568 quaein

273 1609 310 1654 eo
352 1588 471 1666 deerat,
512 1589 545 1653 in
587 1588 658 1654 aliis
691 1583 923 1672 exemplaribus
955 1589 1143 1656 exstiterit“.
1168 1609 1205 1656 61
1238 1609 1300 1674 666
1331 1593 1421 1674 66161

274 1696 432 1760 Titianum
454 1695 571 1761 librum
594 1695 780 1778 praebuisse
804 1693 921 1759 librum
951 1695 1124 1778 septimum
1147 1697 1208 1762 etsi
1231 1717 1294 1762 non
1316 1699 1420 1762 totum

274 1806 307 1885 et
343 1821 423 1884 qnae
457 1802 489 1866 in
526 1803 598 1867 aliis
637 1801 802 1867 codicibus
843 1801 1071 1882 desiderentur,
1103 1803 1136 1867 in
1165 1803 1287 1868 Tiliano
1321 1804 1421 1868 fuisse

274 1911 409 1974 seruata.
438 1913 533 1992 61666
560 1909 624 1973 iam
648 1927 684 1974 eo
707 1909 854 1990 peruenit
876 1909 1060 1992 disputatio,
1084 1909 1170 1993 quod
1193 1909 1420 1994 grauissimum

275 2015 466 2081 diiudicandi
497 2015 619 2080 adierat
645 2017 855 2094 momentum,
884 2015 954 2080 dico
982 2017 1242 2100 interpolationes
1271 2035 1352 2101 6666
1379 2017 1422 2081 16-

273 2127 387 2187 166161
420 2122 493 2186 libri
521 2123 598 2200 Vll,
640 2141 677 2186 ex
714 2141 777 2186 uno
816 2121 925 2188 codice
962 2123 1085 2189 Tiliano
1124 2123 1311 2206 descriptas.
1350 2125 1425 2188 sunt

275 2229 400 2294 omnino
434 2247 487 2292 ser
518 2227 582 2292 loci
613 2228 716 2312 magis
748 2227 896 2293 minusue
934 2228 1076 2311 spatiosi,
1117 2249 1196 2311 quos
1230 2229 1422 2294 Balduinum

275 2336 406 2400 secutus
437 2335 470 2398 in
502 2335 562 2398 1166
595 2333 732 2399 editione
764 2335 844 2400 libro
879 2335 1015 2419 septimo
1048 2335 1193 2400 attribui:
1225 2334 1257 2422 l)
1285 2356 1317 2419 p.
1348 2336 1422 2412 159,

278 2442 459 2520 lii-163,
485 2441 542 2518 263
568 2439 602 2527 2)
625 2463 656 2525 p.
678 2443 752 2520 165,
778 2443 938 2520 2-167,
963 2443 1021 2519 33;
1047 2440 1081 2528 3)
1105 2444 1232 2524 6168,
1259 2444 1421 2516 10-13;

277 2545 312 2634 4)
335 2568 366 2630 p.
392 2547 467 2625 170,
493 2548 655 2623 12-14;
681 2546 714 2632 5)
736 2567 769 2631 p.
795 2547 869 2627 171,
893 2549 1012 2624 3-5;
1038 2547 1073 2635 6)
1096 2569 1127 2631 p.
1154 2549 1228 2627 172,
1252 2551 1306 2613 21.
1332 2550 1374 2612 22

171 2673 276 2715 61666
321 2655 389 2719 Iam
415 2673 510 2736 supra
538 2653 775 2737 explanauimus
793 2653 874 2719 hane
893 2673 964 2720 esse
981 2655 1055 2719 libri
1076 2655 1232 2738 postremi
1254 2673 1422 2732 summam,

276 2764 314 2825 ut
336 2762 369 2825 in
391 2760 559 2825 traditores
583 2759 834 2844 traditorumque
857 2760 941 2826 filios
964 2763 1067 2828 multo
1091 2761 1209 2827 maiore
1229 2781 1302 2826 cum
1320 2761 1423 2825 indul-

278 2868 385 2954 gentia
404 2885 440 2931 66
458 2865 612 2930 facilitate
634 2866 834 2948 proferantur
857 2867 1044 2945 sententiae,
1065 2887 1145 2950 quae
1165 2887 1240 2932 sane
1259 2868 1425 2934 abhorrere

277 2973 428 3038 uidentur
446 2992 465 3036 a
482 2972 652 3037 seueritate
672 2973 807 3054 quadam
832 2972 992 3058 animique
1011 2975 1113 3059 rigore
1132 2975 1164 3038 in
1183 2974 1315 3058 16116616
1334 2973 1424 3039 libris

279 3099 436 3162 expresso.
460 3097 555 3162 66661
579 3079 823 3163 discrepantiam
852 3081 1009 3146 sublaturi
1032 3081 1072 3146 ad
1094 3081 1329 3147 retractationis
1354 3099 1424 3146 con-

278 3186 419 3271 fugimus
456 3185 679 3265 coniecturam,
718 3206 780 3269 666
814 3187 948 3269 probata
979 3190 1011 3252 et
1043 3187 1259 3252 additamenta
1294 3189 1352 3252 illa
1389 3205 1425 3250 er

279 3293 401 3359 Tiliano
430 3291 625 3374 deprompta,
653 3293 799 3376 inprimis
827 3293 889 3358 dno
916 3295 1021 3376 priora
1049 3313 1148 3376 eaque
1177 3295 1318 3378 spatiosa
1340 3292 1424 3359 haud

249 3463 252 3470 .
280 3400 346 3464 scio
370 3417 409 3462 an
432 3399 509 3463 reici
536 3417 598 3464 non
626 3400 760 3481 possint.
791 3403 885 3482 atque
908 3397 1047 3483 primum
1070 3400 1104 3464 hi
1127 3400 1191 3466 loci
1214 3400 1276 3464 duo
1301 3402 1334 3464 et
1356 3419 1425 3464 sen-

279 3505 388 3570 tentiis
413 3523 486 3569 cum
504 3504 586 3571 libro
607 3505 741 3588 septimo
762 3505 881 3588 optime
901 3506 1071 3571 cohaerent
1090 3509 1131 3584 et,
1151 3505 1200 3569 uti
1220 3503 1329 3588 Optati
1349 3510 1423 3583 erat,

279 3612 432 3677 nonnulla
449 3611 621 3690 continent
639 3631 718 3694 quae
736 3612 800 3676 iam
820 3630 916 3695 supra
933 3614 1070 3677 tractata
1084 3614 1181 3690 erant,
1198 3611 1268 3676 dico
1282 3611 1425 3694 inprimis

281 3717 659 3802 deMoyseexemplaex
678 3737 767 3783 66616
791 3719 947 3800 scriptura
969 3719 1070 3802 petita
1089 3717 1199 3804 OErod.
1220 3720 1273 3796 20,
1295 3720 1347 3784 13.
1369 3720 1424 3795 14;

281 3845 312 3888 u.
349 3823 444 3889 indic.
482 3825 538 3906 ll).
575 3841 678 3906 neque
717 3824 906 3890 offendimur
940 3825 973 3888 in
1010 3823 1136 3889 dicendi
1173 3843 1307 3908 genere,
1342 3823 1425 3907 quod

281 3930 419 4014 Dupinio
436 3931 543 3995 nescio
559 3929 676 4012 quibus
691 3931 797 3996 causis
812 3934 999 4014 suspectum
1014 3934 1090 3996 erat.
1109 3933 1144 3994 at
1156 3931 1364 4014 probabilem,
1380 3930 1425 3994 in-

181 4039 182 4042 ’
282 4035 383 4118 quies,
405 4035 537 4103 modum
561 4037 674 4120 eapitis
697 4037 792 4119 primi
815 4037 954 4102 ambitus
979 4037 1153 4114 excederet,
1183 4037 1211 4101 si
1233 4036 1350 4102 Tiliani
1373 4036 1423 4100 ad.-

282 4143 492 4208 ditamentum
525 4142 586 4208 hoc
616 4143 688 4208 loco
721 4143 942 4222 inculcaretur,
976 4143 1061 4226 quod
1093 4161 1209 4228 negare
1236 4143 1367 4208 minime
1393 4143 1426 4206 in

283 4249 387 4314 animo
416 4251 475 4316 est.
505 4249 561 4314 sed
587 4253 626 4313 ut
653 4248 799 4315 omittam
827 4250 1039 4332 capitulorum
1072 4251 1309 4316 distinctionem
1340 4249 1426 4314 hand

284 4356 378 4422 dubie
405 4375 465 4420 non
495 4355 532 4419 ab
558 4353 676 4439 Optato
705 4375 775 4422 6666
803 4357 976 4438 6161661616
1006 4360 1038 4422 61
1064 4358 1096 4422 16
1120 4357 1276 4441 prioribus
1301 4375 1428 4440 quoque
