3052 5012
342 397 351 411 ⁸
444 396 562 451 Liber
588 397 791 461 secundus,
821 413 842 450 c.
872 396 987 450 25-26.
1251 399 1293 462 65

145 591 315 658 fundentes
336 592 523 676 sanguinem
542 612 603 657 non
624 593 764 676 corperis
785 592 841 656 sed
860 592 999 658 honoris.
1019 591 1165 655 uinerunt
1182 593 1294 674 postea

147 698 303 777 homines,
329 699 385 764 sed
409 718 427 763 0
449 700 543 764 uobis
567 699 665 764 occisi
689 698 818 763 suntin
841 697 1014 763 honoribus
1034 697 1085 762 dei
1103 697 1293 762 sacerdotes.

147 806 260 869 multis
279 809 390 870 notum
411 810 460 871 est
479 809 511 872 et
529 807 697 890 probatum
715 805 947 889 persecutionis
967 808 1108 888 tempere
1128 804 1294 887 episcopos

148 911 273 993 aliquos
296 913 410 977 inertia
434 933 452 978 a
476 914 675 979 confessione
698 914 836 979 neminis
861 913 911 978 dei
936 912 1007 978 dela
1067 931 1083 976 s
1105 911 1294 989 turificasse,

119 1021 182 1082 set
204 1022 310 1083 tamen
335 1020 443 1083 nullus
468 1037 588 1099 eorum,
614 1020 669 1102 qui
693 1023 872 1097 euaserunt,
898 1022 954 1084 aut
976 1038 1105 1083 manum
1128 1018 1227 1101 lapsis
1249 1016 1296 1080 in-
1381 1099 1384 1104 ,

147 1125 259 1208 posuit
282 1129 346 1204 aut,
370 1127 408 1188 ut
432 1144 534 1209 genua
556 1127 692 1210 figerent
714 1125 895 1208 imperauit.
922 1127 954 1190 et
980 1123 1086 1190 facitis
1114 1103 1296 1189 ucs'hcdie

147 1236 224 1314 post
250 1232 416 1311 unitatem,
446 1232 573 1315 quoda
600 1232 688 1296 nullo
715 1232 837 1296 factum
866 1234 916 1296 est
941 1230 1296 1320 poststurifieaticnsm,

149 1339 226 1420 quia
249 1340 404 1422 scripturn
428 1343 497 1404 est:
520 1359 564 1404 ne
587 1338 804 1423 tetigeritis
828 1341 965 1404 unctos
989 1357 1091 1403 meos
1115 1356 1236 1420 neque
1260 1337 1296 1401 in

148 1446 355 1529 prophetas
378 1465 480 1511 meos
509 1466 656 1510 manum
683 1445 881 1510 miseritis.
906 1447 1012 1510 eleum
1037 1464 1132 1510 suurn
1156 1444 1298 1509 defendit

105 1575 130 1614 ιο
149 1552 240 1631 deus,
260 1553 344 1635 quia,
365 1553 393 1618 si
415 1556 583 1637 peccatum
607 1555 657 1618 est
679 1552 828 1631 heminis,
848 1552 957 1616 unctio
982 1555 1160 1616 esttamen
1185 1550 1298 1615 diuini-

148 1659 237 1725 tatis.
266 1679 311 1724 ne
343 1660 572 1745 tetigeritis,
595 1659 710 1742 inquit,
735 1661 870 1724 unctes
893 1678 1015 1748 meos:
1039 1658 1123 1737 ides,
1147 1677 1197 1737 ne,
1222 1658 1298 1722 dum

147 1768 318 1846 peccatum
340 1766 478 1832 heminis
502 1767 689 1850 percutitur,
714 1769 747 1830 et
766 1768 882 1845 oleum,
903 1766 987 1848 quod
1008 1765 1059 1830 dei
1078 1767 1137 1844 est,
1156 1764 1297 1830 feriatur.

149 1871 269 1936 iudicio
303 1892 361 1938 suc
395 1873 473 1938 deus
507 1873 649 1939 seruauit
675 1894 743 1938 rem
772 1892 863 1938 suam
893 1876 924 1937 et
952 1876 1058 1936 tamen
1086 1891 1145 1937 uos
1178 1871 1297 1955 passim

149 1977 295 2045 innuistis
322 1981 355 2046 in
383 1981 517 2045 alienam
552 1983 788 2063 corrumpentes
822 1980 962 2045 omnium
994 1978 1190 2045 felicitatem.
1225 1997 1297 2042 nam

106 2105 131 2142 1⁵
150 2103 231 2165 quae
259 2087 361 2152 maior
386 2087 568 2166 infelicitas,
598 2105 692 2169 quam
721 2087 771 2152 dei
800 2087 979 2152 sacerdotes
999 2087 1109 2151 uiuere
1133 2105 1191 2150 nec
1216 2105 1296 2162 esse,

152 2192 237 2273 qucd
260 2193 410 2257 fuerant?

194 2296 249 2365 26.
274 2300 447 2379 Matronae,
472 2300 562 2383 pueri
586 2300 683 2365 simul
703 2302 735 2362 et
748 2298 896 2383 'uirgines
914 2317 931 2361 a
949 2297 1042 2362 nobis
1063 2299 1190 2362 coactae
1210 2298 1297 2362 nullo

152 2405 384 2472 interueniente
407 2411 549 2491 peccato,
574 2408 664 2471 salua
686 2406 867 2471 innocentia
890 2407 922 2469 et
949 2404 1104 2488 pudicitia
1131 2403 1224 2468 nobis
1245 2404 1298 2468 dc-

153 2513 299 2577 centibus
327 2501 553 2596 paenitentiam
582 2533 688 2597 gerere
717 2513 904 2578 didicerunt.
933 2509 1087 2593 numquid
1119 2510 1222 2574 minor
1250 2513 1299 2575 est

109 2635 135 2672 eo
151 2619 350 2684 infelicitas?
375 2621 571 2686 contriuistis
596 2639 699 2698 serus,
723 2619 862 2684 uerastis
887 2622 1027 2694 aetates3
1051 2638 1125 2683 uere
1145 2618 1183 2682 de
1207 2617 1300 2682 uobis

153 2725 276 2790 dictum
306 2728 413 2792 estin
442 2729 566 2811 psalmo
595 2727 691 2791 XIII:
731 2727 913 2793 contritio
947 2730 984 2791 et
1015 2725 1229 2790 infelieItas
1262 2725 1298 2800 in

153 2833 227 2896 uiis
262 2853 388 2898 eorum
422 2838 458 2898 et
489 2834 588 2898 uiam
616 2835 720 2917 pacis
750 2854 820 2899 000
849 2835 1119 2917 cognorerunt,
1144 2850 1213 2896 nen
1243 2835 1300 2896 est

152 2938 265 3006 timer
291 2940 349 3004 dei
373 2943 457 3005 ante
482 2942 615 3006 oculos
640 2961 778 3008 eorum.
802 2939 960 3005 indixistis
985 2939 1211 3024 paenitentiam
1235 2939 1300 3020 ple-

243 3132 260 3186 8
280 3131 303 3185 dr
324 3132 355 3186 11
375 3133 420 3186 Ps.
441 3132 557 3197 104,15
612 3131 644 3185 21
665 3131 709 3185 Ps.
730 3131 772 3196 13,
793 3131 809 3185 3

189 3256 296 3310 20001)
312 3248 381 3324 ¹(sc'c)
397 3257 424 3309 B
496 3259 524 3310 in
537 3255 693 3310 hominibus
705 3254 761 3310 PG
834 3256 878 3309 dei
892 3272 942 3308 um.
957 3253 1013 3308 PG
1068 3253 1146 3306 3est
1164 3251 1301 3306 notumG

151 3346 289 3398 sinestra
307 3345 335 3398 Β
390 3362 474 3399 acm.
494 3346 528 3409 P,
552 3361 572 3399 0.
599 3345 616 3399 i.
639 3361 675 3400 nr.
699 3344 759 3398 rR
833 3343 992 3398 confissione
1011 3342 1039 3395 Β
1111 3342 1143 3395 de
1161 3340 1300 3412 lapsosG

154 3436 170 3488 6
198 3451 287 3504 genua
314 3434 411 3488 fierent
427 3434 484 3488 ΒΒ
583 3433 664 3486 hodie
692 3449 743 3486 om.
765 3432 791 3486 G
886 3434 900 3485 7
928 3431 1015 3501 furii]
1043 3430 1255 3501 purificationem
1276 3428 1302 3482 G
1415 3455 1416 3460 κ

151 3523 271 3593 8neque
286 3524 304 3576 i.
319 3541 359 3592 pr.
373 3541 447 3578 meos
463 3529 613 3592 (suprascr.
628 3540 662 3576 m.
681 3523 786 3590 011.)Ρ
835 3521 867 3574 10
882 3522 947 3575 deus
963 3538 1013 3575 om.
1031 3521 1057 3575 G
1105 3521 1136 3573 ll
1152 3519 1251 3573 nedum
1267 3518 1300 3574 G.

151 3628 204 3667 cm.
223 3613 251 3665 B
330 3612 363 3666 13
382 3614 493 3666 seruant
513 3612 572 3678 (sic)
591 3612 619 3665 Β
704 3613 734 3664 14
752 3610 855 3664 irruitis
874 3611 903 3663 in
923 3610 1039 3663 alienum
1061 3608 1087 3662 G
1172 3609 1301 3678 namlque

156 3705 201 3766 (m.
221 3701 477 3755 Nicostratum.
498 3706 523 3754 et
545 3701 563 3754 e'.
591 3717 640 3769 mp.
664 3717 715 3754 scr.
741 3699 820 3768 quae)
842 3699 875 3762 G,
896 3715 984 3766 neque
1002 3697 1073 3752 RBc
1165 3696 1198 3748 15
1217 3695 1304 3748 maior

155 3793 197 3843 est
217 3790 242 3844 G
298 3791 391 3844 uiuere
410 3791 531 3856 neclesse
547 3789 654 3855 (diacoi,
670 3789 763 3842 dicem.
779 3805 813 3841 m.
829 3791 861 3850 2)
875 3787 908 3850 G,
929 3787 1022 3840 uiuere
1041 3802 1150 3840 necesse
1165 3786 1206 3838 est
1222 3783 1301 3850 (adn.

153 3877 172 3931 e‘.
191 3895 240 3947 nep.
261 3880 387 3932 uiuentes
414 3879 545 3944 necasse).
576 3877 648 3943 Quot
677 3876 787 3930 fuerunt
814 3879 953 3930 niatronae
984 3877 1014 3941 (c.
1035 3891 1059 3942 q.
1078 3890 1098 3926 0.
1124 3889 1184 3940 cap.
1209 3875 1263 3938 26)
1286 3888 1301 3924 0

155 3966 188 4018 19
211 3967 416 4036 paenitendum]
440 3967 504 4035 peni
527 3967 594 4020 tiam
619 3969 694 4034 (post
720 3965 792 4035 peni,
817 3981 869 4032 pao
899 3964 974 4017 10000
1002 3962 1152 4025 clauditur,
1181 3961 1302 4029 spartum

152 4056 277 4110 duarum
289 4057 451 4120 litterarum,
466 4055 514 4108 sed
524 4055 596 4108 nihil
608 4057 728 4122 0000000)
746 4053 773 4108 G
827 4053 861 4107 20
875 4053 1005 4106 contritos
1020 4050 1157 4112 senuRB,
1174 4049 1303 4103 contritas

157 4146 231 4198 sexui
260 4145 356 4198 inustis
383 4161 399 4198 0
428 4147 502 4213 (seru
536 4144 655 4198 uexastis
683 4160 751 4198 corr.
784 4142 874 4196 Cocli.
903 4157 980 4209 quern
1007 4145 1113 4194 secutus
1140 4145 1179 4193 est
1206 4137 1303 4206 Bate.)

68 4296 70 4300 ι
155 4232 187 4284 21
216 4233 245 4286 in
273 4231 378 4302 psalmo
406 4231 490 4285 tercio
520 4231 623 4285 decimo
654 4231 712 4300 (sic)
746 4231 780 4294 G,
809 4246 860 4284 om.
884 4229 926 4282 Pc
1018 4229 1052 4280 22
1080 4229 1252 4298 agnouerunt
1279 4225 1304 4280 G

154 4321 190 4374 23
207 4320 344 4391 plebibus]
364 4319 479 4389 pedibus
498 4320 526 4373 Β

213 4445 292 4484 nxvr.
1202 4422 1228 4506 5·
