3052 5012
259 439 299 508 72
357 470 359 475 ·
601 443 627 497 S.
654 441 794 514 Optati
819 444 1053 498 Mileuitani

256 635 288 700 in
320 639 389 702 toto
422 633 531 703 monte
563 637 653 701 uidet
684 637 795 702 Esaias
824 639 880 704 sed
907 639 939 704 in
963 659 1028 704 una
1055 641 1151 721 ualle,
1176 641 1236 707 hoo
1261 645 1311 706 est
1333 643 1395 706 sola

170 749 172 752 ’
255 743 371 822 Africa,
395 745 427 808 in
452 763 515 827 qua
538 745 607 809 sola
630 763 702 809 cum
728 745 911 810 sufficerent
933 747 1054 829 templa
1077 747 1138 825 dei,
1163 767 1244 830 quae
1266 748 1394 822 fuerant,

256 850 319 913 alia
340 851 443 916 facere
466 849 639 915 uoluemnt
661 849 818 933 principes
842 852 952 930 uestri,
972 851 1005 916 in
1025 871 1087 934 qua
1105 853 1174 918 sola
1194 853 1310 918 deiecti
1328 858 1395 918 sunt

255 957 348 1035 muri,
377 961 410 1022 et
437 955 486 1044 [ut
513 957 625 1022 fierent
652 954 746 1044 muri]
776 976 858 1039 aqua
886 961 1015 1023 sanctae
1047 959 1189 1042 piscinae
1221 962 1396 1024 transuersa

257 1067 307 1129 est
335 1068 367 1130 et
395 1064 522 1130 nouitas
555 1066 665 1130 contra
697 1064 921 1146 antiquitatem
950 1084 967 1128 a
995 1065 1088 1130 uobis
1121 1066 1271 1130 instituta
1299 1067 1348 1130 est
1368 1070 1431 1132 ets

256 1167 339 1254 aqua
370 1173 509 1236 humana
537 1175 647 1237 contra
675 1171 816 1237 diuinam
846 1172 989 1238 ordinata
1018 1175 1077 1239 est.
1106 1173 1166 1237 hoc
1194 1173 1300 1238 totum
1324 1171 1395 1237 deus

255 1279 288 1343 in
317 1278 434 1344 uallem
467 1280 586 1344 montis
615 1279 691 1345 Sion
720 1285 752 1344 ot
779 1280 955 1364 interrogat
983 1281 1016 1344 et
1044 1280 1187 1364 increpat
1210 1281 1337 1346 dicens:
1360 1282 1396 1342 ut

257 1381 347 1468 quid
370 1387 439 1450 hoo
462 1386 605 1451 factum
625 1388 684 1450 est
703 1386 839 1451 uobis?
858 1386 955 1463 ideo,
976 1386 1150 1467 quoniam
1170 1385 1396 1469 ascendistis

256 1494 294 1557 in
318 1495 460 1576 templa
484 1511 785 1576 superuacanea:
814 1511 1060 1575 unaquaeque
1090 1493 1232 1558 ciuitas
1256 1494 1396 1576 repleta

258 1603 316 1664 est
334 1601 642 1679 uociferantium
662 1601 856 1665 uulnerati
874 1600 942 1679 tui,
961 1618 1033 1665 non
1055 1601 1252 1665 uulnerati
1275 1599 1433 1684 gladios

257 1709 294 1770 et
316 1707 457 1771 mortui
485 1707 521 1770 in
549 1709 597 1785 te,
626 1726 697 1772 non
726 1707 866 1772 mortui
893 1707 931 1771 in
955 1707 1078 1774 bello:
1103 1707 1140 1771 in
1165 1727 1290 1772 errore
1316 1710 1397 1771 sunt

257 1813 454 1879 aminimo
487 1833 607 1896 usque
636 1813 680 1876 ad
707 1813 906 1878 marimum
940 1818 1109 1878 errantes
1137 1815 1173 1877 in
1206 1813 1396 1879 montibus

257 1938 384 1984 omnes
417 1919 610 2002 principes
643 1921 710 1998 tui,
739 1920 776 1984 in
805 1921 930 2004 sugam
962 1920 1139 1986 conuersi
1168 1923 1257 1985 sunt
1281 1923 1317 1984 et
1341 1918 1397 2002 qni

257 2025 359 2108 capti
393 2028 491 2103 sunt,
525 2027 696 2109 grauiter
729 2026 891 2110 adligati
925 2030 962 2091 et
994 2026 1176 2092 fortiores
1205 2027 1263 2091 tui
1290 2027 1396 2109 longe

256 2131 383 2216 fugati
406 2136 505 2197 sunt.
530 2131 686 2198 missum
710 2115 764 2197 me
787 2133 915 2212 facite,
941 2152 1062 2198 amare
1089 2135 1265 2216 plorab03
1297 2151 1396 2197 nemo
1414 2154 1434 2194 c

258 2258 313 2303 me
338 2240 482 2322 poterit
507 2241 698 2306 consolari
718 2241 754 2304 in
775 2241 1007 2305 contritione
1031 2241 1132 2306 filiae
1156 2241 1307 2324 generis
1329 2239 1397 2302 mei

257 2346 294 2409 et
318 2345 526 2409 ascendent
547 2345 735 2410 Elamitae
755 2365 837 2411 cum
856 2345 1046 2429 pharetris
1065 2383 1110 2392 —
1127 2346 1286 2410 Elamitac
1305 2347 1397 2410 latina

254 2451 364 2534 lingua
396 2450 545 2516 dicuntur
576 2452 663 2517 chori
696 2456 872 2518 castromm
896 2491 940 2500 -
964 2455 996 2516 et
1028 2455 1158 2517 secutus
1192 2455 1242 2518 cst
1275 2453 1396 2518 dicens:

256 2561 469 2641 penetralia
492 2563 622 2624 uestra
646 2561 866 2625 deferentur
894 2559 939 2623 ad
967 2559 1164 2642 publicum
1194 2562 1231 2624 et
1255 2562 1396 2624 secreta

256 2665 386 2730 domus
413 2667 562 2732 Israhel
590 2667 842 2733 nudabuntur.
872 2667 933 2732 hoc
960 2665 992 2729 in
1016 2665 1123 2730 Africa
1150 2666 1272 2732 factum
1298 2668 1346 2731 est
1368 2667 1434 2728 eto

254 2775 360 2836 totum
369 2773 440 2851 hoc,
458 2793 552 2855 quare
570 2775 692 2838 factum
712 2777 772 2851 est,
790 2773 946 2838 indicauit
965 2771 1054 2848 deus,
1070 2772 1146 2836 dum
1164 2772 1258 2837 uobis
1277 2773 1398 2854 inputat

256 2878 383 2943 dicens:
408 2880 582 2962 quoniam
605 2880 857 2947 conuertistis
878 2899 1010 2962 aquam
1030 2879 1207 2963 antiquae
1231 2880 1397 2963 piscinae

256 2984 300 3047 ad
325 2984 523 3049 ciuitatem
542 2990 709 3050 uestrcm
729 2989 766 3050 et
785 2986 985 3052 deiecistis
1004 3005 1130 3050 muros
1149 2986 1396 3058 Hierusalem,

345 3219 360 3272 7
378 3220 423 3273 Εε.
442 3221 485 3285 22,
507 3221 520 3273 1
542 3238 581 3290 sq.
639 3221 674 3274 22
693 3221 739 3274 cfr.
759 3221 804 3274 Es.
825 3221 867 3285 22,
888 3221 904 3273 9
924 3237 963 3289 sq.

291 3373 306 3424 1
325 3373 417 3424 monte
437 3386 487 3424 om.
505 3369 530 3424 G
602 3370 680 3425 uidet
699 3370 802 3436 etRB,
822 3371 895 3425 uidit
912 3389 928 3425 o
1001 3388 1055 3425 una
1073 3387 1124 3426 om.
1144 3387 1160 3424 c
1181 3361 1183 3364 ¹
1232 3371 1260 3424 in
1276 3371 1333 3423 sola
1344 3368 1397 3422 BG

254 3461 270 3513 3
291 3461 319 3513 et
336 3460 363 3512 in
380 3475 433 3528 qua
448 3458 490 3513 Go
579 3459 596 3510 4
614 3460 684 3512 muri
702 3462 734 3513 ut
752 3460 877 3514 fierentb
980 3462 1011 3513 ut
1029 3461 1125 3514 fierent
1143 3459 1214 3512 muri
1233 3475 1284 3514 om.
1304 3457 1397 3519 cccc,

255 3547 390 3601 condonari
405 3547 538 3616 plosscmo
655 3564 724 3618 aqua
749 3551 844 3602 sancta
866 3551 895 3602 et
917 3550 1021 3619 piscina
1044 3548 1116 3604 RBo
1248 3549 1263 3600 5
1285 3550 1314 3602 et
1331 3563 1398 3615 aqua

254 3636 535 3690 humana—ordinata
563 3640 605 3690 est
632 3646 683 3692 om.
711 3637 783 3692 RBo
890 3640 908 3692 6
936 3640 1030 3692 contra
1059 3638 1152 3692 diuina
1186 3637 1212 3691 G
1326 3639 1340 3690 7
1370 3636 1396 3687 in

254 3725 326 3778 uelle
348 3725 374 3778 G
427 3724 543 3794 increpit
561 3726 597 3789 R,
616 3726 739 3796 increpat
760 3729 785 3794 (a
805 3743 873 3782 corr.
893 3745 927 3782 ex
944 3727 964 3794 1)
985 3727 1012 3779 Β
1066 3727 1168 3781 81122
1188 3725 1328 3796 quoniam]
1346 3740 1397 3793 quo

253 3839 333 3893 modo
352 3839 380 3891 Β
451 3840 515 3893 sin
535 3857 585 3895 om.
608 3841 634 3894 G
693 3859 860 3912 superuacua
879 3846 907 3895 et
928 3841 961 3906 G,
982 3858 1062 3912 super
1080 3858 1184 3894 uacans
1210 3843 1236 3911 (θ
1261 3854 1396 3910 suprascr.

254 3927 384 3995 111.2)Β
430 3928 463 3981 10
482 3929 534 3997 tui]
553 3929 581 3981 in
601 3931 629 3981 te
652 3929 694 3982 Gb
743 3930 773 3982 ll
795 3929 895 3982 mortui
913 3929 1021 3984 bellov
1076 3931 1140 3982 sunt
1159 3928 1250 3982 animo
1270 3943 1353 3997 usque
1371 3925 1398 3976 Β

255 4017 288 4070 12
306 4016 454 4086 montibus]
474 4018 599 4071 omnibus
615 4017 641 4072 G
667 4005 678 4100 i
697 4019 730 4074 13
748 4018 776 4072 in
791 4019 858 4088 fuga
874 4018 908 4084 G,
921 4020 950 4073 in
963 4019 1096 4089 uirgamc
1152 4019 1186 4072 16
1205 4018 1308 4088 poterit
1319 4032 1359 4069 me
1371 4014 1397 4066 B

256 4106 288 4158 17
308 4106 436 4160 uelamite
458 4107 520 4174 (del.
540 4124 556 4160 u
576 4123 610 4160 m.
624 4107 653 4176 2)
672 4107 697 4161 G
748 4125 807 4163 cum
820 4109 864 4178 ph.
879 4108 1014 4162 Elamitae
1029 4125 1079 4163 om.
1097 4106 1123 4161 G
1178 4093 1239 4166 cuth
1252 4105 1357 4159 feretris
1371 4103 1397 4154 Β

255 4195 380 4248 elamitae
399 4196 429 4266 (s.
450 4195 467 4248 1.
486 4213 521 4248 on.
539 4200 564 4262 1)
584 4196 640 4251 RB
696 4197 729 4250 19
748 4197 918 4267 proferentur
938 4197 964 4251 G
1018 4198 1050 4250 21
1073 4197 1166 4268 quare]
1185 4197 1214 4250 in
1234 4193 1398 4249 afrioaRBo

254 4284 356 4338 factum
375 4301 467 4338 osseo
560 4287 641 4354 putat
661 4285 739 4355 (cor-r.
758 4286 771 4338 θ’
787 4303 836 4356 mp.
856 4303 890 4340 m.
913 4291 930 4339 3
949 4286 1076 4356 imputat)
1098 4285 1124 4340 G
1149 4299 1151 4306 ⁴
1198 4285 1232 4338 23
1251 4284 1286 4338 ad
1306 4282 1396 4336 uolun-

253 4375 339 4426 tatem
358 4375 477 4426 uestram
493 4373 518 4427 G
589 4375 732 4428 ierusalem
750 4376 777 4428 B
