3064 5010
269 422 331 486 188
755 415 928 487 Appendix

267 630 326 672 non
345 614 448 684 nostis,
468 613 587 672 nomina
606 629 703 672 eorum
723 612 821 672 dicite.
847 613 1008 672 Catullinus
1028 615 1057 671 et
1074 613 1250 671 Marcuclius
1269 612 1399 672 dixemnt:

267 720 320 762 nos
351 719 412 761 non
444 719 543 760 sumus
570 702 743 776 proditores.
774 719 839 760 ecoe
868 719 977 773 sumus,
1010 702 1078 761 iube
1110 719 1166 761 nos
1195 701 1297 761 occidi.
1332 703 1400 760 Felix

267 792 372 850 flamen
398 793 556 866 perpetuus
585 793 700 850 curator
731 790 908 865 reipublicae
941 791 1027 850 dixit:
1061 791 1250 866 recipiantur.
1292 794 1319 849 et
1347 809 1399 849 oum

267 882 385 939 uentum
414 882 491 939 esset
518 881 555 938 ad
584 881 698 939 domum
720 880 844 954 Eugeni,
873 880 955 939 Felix
982 881 1087 938 flamen
1114 883 1272 955 perpetuus
1300 884 1399 939 curator

266 969 443 1044 reipublicae
465 969 596 1043 Eugenio
620 970 705 1030 dixit:
733 969 832 1044 profer
861 969 1029 1043 scripturas,
1054 987 1127 1043 quas
1150 969 1252 1039 habes,
1276 972 1308 1026 ut
1327 987 1397 1042 prae-
1423 981 1435 1028 5,

267 1062 351 1133 copto
383 1076 485 1133 parere
512 1058 618 1133 possis.
658 1061 686 1117 et
712 1059 836 1133 protulit
869 1059 983 1117 codices
1017 1061 1163 1132 quattuor.
1200 1057 1282 1117 Felix
1311 1059 1400 1117 damen

267 1150 425 1223 perpetuus
449 1151 564 1206 curator
587 1147 763 1222 reipublicae
786 1148 904 1207 Siluano
930 1151 958 1206 et
978 1149 1084 1207 Caroso
1110 1148 1196 1206 dixit:
1222 1147 1401 1206 demonstrato

244 1241 379 1296 eceteros
401 1236 537 1296 lectores.
562 1237 698 1296 Siluanus
719 1239 747 1295 et
767 1238 889 1297 Carosus
909 1237 1056 1295 dixerunt:
1081 1237 1139 1295 iam
1159 1236 1233 1295 dixit
1252 1237 1399 1311 episcopus,

269 1326 341 1400 quia
358 1327 485 1385 Edusius
509 1329 538 1384 et
559 1325 661 1385 Iunius
691 1328 858 1400 exceptores
888 1344 987 1384 omnes
1015 1329 1175 1397 nonerunt;
1204 1325 1261 1399 ipsi
1288 1326 1339 1384 tibi
1360 1327 1401 1384 de-

270 1417 433 1474 monstrent
455 1415 492 1473 ad
516 1415 618 1474 domus
638 1433 744 1474 corum.
769 1416 895 1475 qusins
915 1418 944 1473 et
961 1416 1063 1474 Iunius
1083 1417 1251 1489 exceptores
1270 1415 1399 1473 dixerunt:
1416 1423 1434 1460 ¹⁰

269 1521 323 1563 nos
347 1522 396 1563 eos
420 1505 661 1575 demonstramus,
682 1504 807 1564 domine.
833 1508 861 1563 et
884 1522 948 1562 cum
972 1506 1091 1563 uentum
1114 1505 1220 1562 fuisset
1243 1505 1279 1562 ad
1302 1505 1401 1563 domum

267 1593 374 1652 Felicis
397 1593 529 1664 sarsoris,
548 1593 669 1668 protulit
692 1593 806 1653 codices
831 1593 973 1668 quinquo;
998 1596 1027 1652 et
1050 1612 1114 1652 cum
1138 1596 1258 1652 uentum
1282 1596 1352 1652 esset
1371 1595 1401 1651 ad

269 1683 384 1741 domum
412 1682 563 1754 Uictorini,
596 1683 719 1757 protulit
751 1683 867 1742 codices
900 1686 980 1753 octo:
1014 1684 1043 1740 et
1071 1701 1135 1741 cum
1163 1684 1283 1741 uentum
1313 1682 1401 1740 fuisset

268 1772 306 1829 ad
330 1771 445 1830 domum
467 1769 602 1843 Proiecti,
628 1772 750 1846 protulit
773 1772 888 1831 codices
910 1772 936 1831 V
959 1772 1081 1831 maiores
1110 1774 1139 1830 et
1165 1772 1293 1830 minores
1314 1767 1353 1842 II:
1378 1775 1400 1828 et

268 1878 333 1919 cum
357 1860 394 1918 ad
417 1860 597 1934 grammatici
621 1862 737 1920 domum
759 1864 878 1920 uentum
902 1861 1015 1931 fixisset,
1039 1861 1119 1920 Felix
1137 1863 1244 1920 flamen
1262 1863 1400 1936 perpetuus
1416 1865 1457 1903 ¹⁵·

269 1952 383 2008 curator
411 1949 521 2008 Uictori
549 1950 736 2024 grammatico
767 1950 852 2009 dixit:
886 1950 984 2023 profer
1017 1951 1186 2024 scripturas,
1217 1967 1288 2024 quas
1314 1951 1399 2018 habes,

268 2041 300 2096 ut
322 2041 477 2113 praecepto
501 2057 602 2114 parere
624 2040 730 2114 possis.
755 2039 855 2099 Uictor
882 2040 1088 2114 grammaticus
1117 2039 1225 2113 optulit
1253 2040 1357 2097 codices
1376 2039 1401 2096 ll

268 2131 297 2186 et
321 2128 475 2201 quiniones
501 2129 645 2203 quattuor.
683 2128 765 2186 Felix
787 2129 892 2186 flamen
915 2132 1073 2202 perpetuus
1097 2131 1214 2187 curator
1242 2129 1401 2202 reipublicae

267 2217 378 2276 Uictori
406 2217 492 2275 dixit:
520 2217 618 2292 profer
645 2217 819 2292 scripturam
852 2219 918 2290 plus
945 2218 1047 2277 habes
1085 2218 1186 2276 Uictor
1215 2218 1401 2290 grammaticus

269 2306 354 2364 dixit:
387 2306 413 2364 si
444 2307 510 2380 plus
541 2306 718 2378 habuissem,
752 2307 906 2366 dedissem.
945 2309 974 2365 et
1002 2324 1066 2365 cum
1098 2310 1218 2365 uentum
1249 2306 1346 2365 fuisset
1370 2307 1399 2363 ad
1415 2309 1434 2346 ²⁰

269 2396 384 2454 domum
415 2395 512 2454 Eutici
545 2396 748 2466 Caesariensis
772 2396 853 2454 Felix
886 2396 991 2454 flamen
1023 2399 1181 2470 perpetuus
1215 2395 1326 2454 curator
1353 2395 1399 2452 rei-

267 2483 401 2558 publicae
419 2484 534 2543 Futicio
559 2485 645 2546 dixit:
671 2484 768 2558 profer
790 2486 959 2559 scripturae,
985 2502 1057 2558 quas
1080 2486 1182 2555 habos,
1206 2487 1240 2542 ut
1261 2485 1399 2559 praecepto

267 2591 368 2647 parere
391 2574 498 2647 possis.
522 2573 654 2632 Euticius
679 2574 764 2632 dixit:
793 2591 853 2633 non
880 2575 984 2633 habeo.
1022 2573 1104 2632 Felix
1131 2574 1237 2632 flamen
1260 2575 1400 2647 perpetuus

269 2665 383 2721 curator
402 2663 579 2736 reipublicae
597 2662 711 2723 Unticio
732 2662 816 2721 dixit:
841 2663 983 2737 professio
1008 2664 1059 2721 tua
1077 2663 1150 2722 actis
1169 2664 1279 2723 haeret.
1304 2664 1400 2720 etcum

268 2754 386 2810 uentum
413 2751 518 2810 fuisset
545 2752 582 2809 ad
611 2753 726 2811 domum
756 2752 930 2823 Coddeonis‚
959 2751 1081 2826 protulit
1106 2759 1179 2811 uxor
1208 2753 1269 2811 eius
1301 2751 1433 2811 codices25

268 2859 326 2900 sex.
366 2839 447 2898 Felix
475 2841 580 2898 flamen
602 2844 760 2915 perpetuus
784 2843 899 2901 curator
922 2841 1099 2915 reipublicae
1124 2841 1211 2903 dixit:
1243 2859 1351 2916 quaere,
1372 2857 1401 2896 ne

266 2929 332 3004 plus
355 2929 498 3000 habeatis
521 2929 629 3004 profer.
667 2931 770 2988 mulier
792 2931 956 3004 respondit:
986 2948 1046 2990 non
1068 2931 1172 2990 habeo.
1211 2930 1292 2988 Felix
1312 2931 1402 2988 flamen

170 3009 171 3012 ¹
265 3021 423 3093 perpetuus
452 3021 567 3078 curator
595 3019 771 3093 reipublicae
798 3021 874 3078 Boni
903 3038 986 3079 seruo
1018 3019 1135 3094 publico
1165 3020 1252 3078 dixit:
1284 3019 1355 3076 intra
1379 3019 1401 3073 et

268 3125 382 3181 quaere,
412 3126 447 3165 ne
475 3108 541 3181 plus
569 3108 686 3167 habeat.
724 3125 825 3167 seruus
853 3109 988 3184 publicus
1017 3109 1102 3166 dixit:
1138 3108 1270 3182 quaesiui
1297 3110 1323 3166 et
1351 3122 1400 3164 non

266 3196 375 3255 inueni.
414 3196 495 3255 Felix
523 3197 628 3255 flamen
656 3200 813 3271 perpetuus
838 3200 954 3257 curator
976 3198 1152 3272 reipublicae
1179 3197 1322 3256 Uictorino
1353 3194 1398 3254 Sil·
1414 3193 1434 3230 ³⁰

266 3303 341 3344 uano
366 3288 394 3344 et
418 3286 525 3345 Caroso
551 3286 637 3348 dixit:
666 3287 691 3344 si
715 3287 783 3360 quid
806 3287 902 3346 minus
925 3287 1033 3345 factum
1061 3287 1158 3358 luerit,
1187 3304 1242 3348 uos
1271 3283 1399 3357 contingit
1436 3365 1439 3370 Ι

266 3374 458 3449 periculum.“

312 3464 422 3534 Quibus
444 3463 528 3522 lectis
551 3463 726 3538 Zenophilus
749 3482 777 3522 u.
803 3482 827 3524 c.
853 3465 1014 3523 consularis
1033 3464 1143 3523 Uictori
1167 3464 1255 3522 dixit:
1280 3462 1398 3522 confitere
1447 3495 1449 3501 ·

266 3553 448 3627 simpliciter!
478 3553 578 3612 Uictor
601 3552 764 3627 respondit:
793 3571 852 3612 norx
875 3553 917 3611 fui
940 3571 1089 3627 praesens,
1127 3553 1325 3612 Nundinarius
1346 3550 1397 3608 dia-

211 3659 356 3706 xesconus
376 3642 461 3700 dixit:
480 3643 604 3716 legimus
624 3642 763 3716 epistulas
782 3643 982 3716 episcoporum
1001 3643 1094 3701 factas
1114 3643 1242 3701 aForte.
1264 3645 1292 3700 et
1307 3637 1399 3714 legitur
1412 3638 1430 3677 ³³

301 3845 376 3898 2nos
390 3845 647 3914 non—recipiantur
660 3845 756 3914 irreptor
766 3846 874 3899 iudicat
887 3846 914 3900 U
914 3863 946 3914 p.
958 3847 991 3899 79
1046 3845 1110 3899 felix
1128 3845 1142 3897 f
1159 3845 1269 3911 (lamen.
1285 3847 1301 3898 5
1314 3844 1372 3911 litt.)
1385 3858 1398 3910 p

265 3917 376 3982 (locun.
399 3917 501 3984 crte.)
522 3920 629 3970 curator
651 3916 674 3970 C
744 3917 760 3970 5
780 3916 847 3970 dixit
865 3917 968 3986 Eugen.
989 3917 1049 3970 edd.
1127 3918 1151 3980 5,
1173 3917 1214 3980 16,
1237 3918 1278 3981 19,
1297 3917 1330 3969 22
1347 3931 1398 3984 pro-

263 3988 363 4041 fersC
418 3988 451 4042 lo
471 3987 607 4041 domosD
657 3989 688 4041 11
711 3988 863 4042 etdumC
908 3987 1259 4058 monogamorum
1310 3987 1349 4050 18,
1361 3986 1397 4038 21.

263 4059 299 4112 24
325 4058 490 4128 reipublicae
518 4075 569 4112 om.
593 4058 616 4112 0
722 4059 754 4112 21
785 4056 1004 4114 Caesarianensis
1024 4059 1084 4113 edd.
1194 4060 1229 4113 24
1248 4061 1362 4113 curatore
1381 4054 1409 4108 θ’

263 4131 298 4184 26
317 4131 433 4183 curatori
451 4129 474 4184 0
509 4130 824 4199 30Felix-pe1teulum
837 4131 958 4198 solearii
976 4147 1031 4185 esse
1048 4147 1117 4184 cerea
1142 4130 1175 4184 U.
1189 4148 1220 4199 p.
1240 4131 1272 4184 81
1317 4127 1397 4182 3516ΙΙ

263 4218 358 4270 gemus
373 4217 484 4270 propos.
505 4201 535 4254 D
643 4201 772 4272 epistolas
795 4200 818 4255 0
923 4219 938 4254 a
956 4203 1050 4271 Forte]
1070 4206 1098 4255 ct
1116 4202 1177 4255 aliis
1197 4202 1262 4256 adol.
1280 4198 1397 4255 Maurici

262 4272 334 4342 legit
354 4273 383 4337 0,
410 4273 481 4342 legit
509 4273 643 4342 exemplar
670 4272 756 4326 libelli
779 4273 874 4326 traditi
898 4274 1031 4344 episcopis
1055 4291 1071 4326 a
1092 4273 1182 4327 Nund.
1212 4274 1271 4328 edd.
1290 4272 1317 4325 D
1342 4269 1394 4336 (fr.

262 4345 378 4413 depost.
399 4361 420 4398 c.
443 4344 566 4398 Crescere.
586 4343 636 4407 III,
657 4344 712 4411 29),
731 4344 833 4413 legitur
851 4344 949 4413 scrapsr'
