3064 5010
135 6 161 192 ἰ

134 297 146 443 s
417 377 420 382 ¹
526 398 643 451 Liber
671 401 813 457 sextus,
844 415 865 450 c.
893 399 918 450 4.
1219 400 1281 461 151

122 487 211 671 ‚irent
232 595 397 658 uoluntate
422 596 454 658 et
476 594 672 675 professione
697 612 768 668 sua;
798 595 831 657 et
858 595 895 656 υτ
923 592 1138 657 saecularibus
1162 591 1283 674 nuptiis

114 678 126 781 ,⁵
144 722 174 766 se
194 702 390 766 renuntiasse
409 703 622 765 monstrarent
636 704 668 764 et
680 701 806 764 iunctas
826 700 961 782 spiritali
980 719 1107 782 sponso,
1123 699 1284 763 soluerant

107 802 119 887 τ’
143 809 270 872 crinem:
284 809 348 872 iam
368 808 521 873 caelestes
541 808 777 872 celebrauerant
794 806 932 889 nuptias,
957 806 1033 888 quid
1053 809 1111 883 est,
1127 804 1211 887 quod
1230 823 1283 868 eas

76 972 81 983 ,
141 916 251 979 iterum
268 915 369 979 crines
385 915 508 979 soluere
524 915 696 998 coegistis?
713 913 799 996 quid,
814 913 953 996 inquam,
974 912 1059 994 quod
1077 913 1115 976 ab
1130 912 1209 994 ipsis
1229 930 1284 992 per

14 1035 16 1046 ¹
113 1042 125 1079 s
141 1042 198 1086 uos
213 1026 321 1085 exacta
331 1025 381 1086 est
391 1021 530 1086 secunda
539 1021 715 1104 professio?
731 1021 802 1102 quis
814 1024 863 1084 est
873 1021 952 1084 alter
967 1020 1118 1102 spiritalis
1136 1038 1282 1101 sponsus,

142 1129 191 1193 cui
212 1129 328 1193 iterum
353 1129 528 1193 nuberent?
557 1128 681 1210 quando
709 1131 854 1193 mortuus
878 1130 937 1205 est,
967 1127 1019 1190 cui
1042 1129 1222 1210 nupserant.
1247 1129 1284 1188 ut

140 1237 253 1300 iterum
277 1237 419 1299 nubant?
453 1235 599 1300 nudastis
623 1235 726 1299 denuo
750 1235 854 1318 capita
876 1234 939 1298 iam
964 1235 1080 1311 uelata,
1106 1234 1143 1297 de
1168 1234 1282 1316 quibus

140 1343 344 1426 professionis
383 1343 563 1406 detraxistis
604 1342 731 1418 indicia,
773 1361 853 1423 quae
894 1344 1003 1406 eontra
1043 1344 1184 1423 raptores
1228 1345 1283 1403 ant

140 1450 288 1531 petitores
312 1448 463 1562 qidentur
485 1449 626 1512 inuenta.
654 1449 686 1511 in
710 1448 833 1512 mitella
856 1444 1008 1512 indicium
1028 1451 1077 1512 est
1095 1448 1282 1524 uoluntatis,

102 1570 197 1620 bnon
230 1557 388 1621 castitatis
421 1556 586 1623 auxilium:
619 1559 657 1619 ut
678 1575 744 1620 rem
776 1557 839 1618 iarn
868 1555 925 1619 deo
955 1555 1103 1620 deuotam
1131 1573 1199 1630 nec,
1229 1555 1283 1636 qui

140 1665 320 1746 sponsabat,
352 1667 534 1746 perseueret
564 1666 671 1746 petere
705 1667 760 1728 aut
791 1683 829 1728 ne
862 1667 970 1744 raptor
1002 1662 1117 1726 audeat
1152 1662 1281 1727 uiolare.

140 1770 264 1854 signum
299 1774 349 1835 est
380 1789 465 1854 ergo,
498 1791 560 1836 non
594 1773 836 1836 sacramentum.
865 1769 1032 1833 inuenietis
1061 1769 1160 1852 igitur
1187 1769 1282 1832 buius

139 1876 222 1940 modi
244 1876 396 1960 uirgines,
421 1896 499 1958 quae
523 1877 584 1940 iam
611 1877 796 1958 spiritaliter
818 1878 999 1958 nupserant,
1024 1895 1102 1957 quas
1127 1876 1282 1941 secundas

140 1983 287 2066 coegistis
308 1983 347 2046 ad
366 1983 504 2066 nuptias,
525 1986 556 2047 et
574 1986 611 2046 ut
630 1984 731 2048 crines
754 1983 871 2046 iterum
895 1983 1065 2060 soluerent,
1089 1983 1282 2065 imperastis.

102 2104 124 2143 1⁵
138 2089 196 2153 boc
213 2109 272 2154 nec
295 2090 444 2154 mulieres
467 2091 640 2172 patiuntur,
665 2109 745 2172 quae
769 2090 935 2154 carnaliter
957 2090 1090 2153 nubunt.
1111 2091 1281 2172 exquibus

139 2196 165 2259 si
188 2197 284 2260 alicui
302 2197 452 2260 maritum
472 2199 545 2279 post
563 2197 756 2260 matrimonii
775 2197 943 2261 orbitatem
961 2199 1084 2260 mutare
1104 2197 1281 2280 contigerit,

139 2322 197 2367 non
221 2303 375 2386 repetitur
398 2303 582 2385 temporalis
605 2304 661 2367 illa
683 2304 856 2379 festiuitas,
881 2323 941 2368 non
965 2304 997 2366 in
1022 2306 1122 2368 altum
1146 2305 1280 2381 tollitur,

136 2425 197 2474 non
221 2411 332 2493 populi
355 2411 533 2493 frequentia
550 2413 745 2494 procuratur.
765 2411 951 2474 detraxistis
969 2411 1069 2494 igitur
1086 2430 1148 2474 non
1169 2411 1281 2494 capitis

140 2520 329 2593 ornamenta,
354 2517 420 2596 sed,
444 2521 482 2581 υτ
505 2537 600 2600 supra
624 2517 770 2594 diximus,
790 2518 931 2582 melioris
954 2519 1131 2583 uoluntatis
1154 2519 1280 2584 indicia.

174 2754 185 2804 1
210 2753 265 2805 iam
293 2752 437 2823 uoluntate
459 2753 487 2805 Β
578 2770 608 2807 ex
636 2754 804 2824 professione
827 2772 843 2808 υ
934 2759 983 2820 tua
1006 2758 1029 2826 (s
1052 2771 1073 2809 a.
1098 2756 1115 2810 l.
1139 2772 1174 2808 m.
1200 2759 1228 2822 2)
1254 2755 1281 2809 Β

139 2843 153 2893 2
170 2845 334 2895 monstraret
344 2841 381 2903 Β,
400 2845 549 2897 monstrare
564 2843 591 2895 Β
655 2847 683 2896 et
701 2843 821 2897 iunctam
842 2845 906 2912 (sic)
925 2845 961 2911 B,
980 2847 999 2898 τ’.
1018 2862 1069 2914 my.
1086 2845 1149 2912 adp.
1163 2861 1197 2898 m.
1213 2845 1281 2910 2R,

137 2972 185 3010 om.
204 2955 295 3021 OGcb,
312 2961 340 3010 et
354 2958 494 3012 iunctasd
547 2959 563 3011 3
584 2923 687 3044 crima?
705 2961 786 3026 (corr.
806 2976 840 3012 m.
860 2963 892 3027 2)
912 2959 939 3014 Β
1013 2961 1125 3029 crinem]
1144 2964 1245 3014 temere
1264 2977 1280 3012 o

138 3091 214 3154 (corr.
237 3090 327 3147 Oocbl.
349 3092 445 3158 crines)
536 3093 647 3162 nuptias
667 3091 763 3146 celebr.
787 3092 836 3146 OG
909 3095 927 3146 4
945 3093 968 3146 dc
989 3094 1023 3147 14
1041 3060 1153 3162 adgnatis
1174 3097 1200 3160 (e
1219 3111 1240 3146 s.
1262 3095 1278 3148 l.

136 3183 211 3246 m.1)
232 3179 260 3231 B
314 3179 481 3250 bprofessio
500 3181 619 3234 secunda
636 3181 669 3235 ob
742 3184 784 3234 est
798 3182 1002 3249 postquisom.
1020 3181 1046 3235 G
1100 3183 1236 3236 6estom.
1252 3182 1279 3234 Β
1368 3237 1375 3252 ,

137 3265 270 3320 lnudatis
290 3267 340 3321 06
377 3269 538 3329 9mitellam
554 3269 617 3335 (sic)
628 3268 664 3327 Β,
680 3268 850 3322 mitellamB
905 3268 1073 3323 astom.('G
1127 3270 1278 3323 uoluntatis

136 3356 162 3422 (n
179 3355 211 3408 ira
228 3356 343 3441 fuolfi*
433 3358 466 3410 10
484 3357 613 3411 auxilium
639 3361 679 3410 est
701 3356 751 3411 OG
842 3361 931 3424 utrum
956 3375 1011 3411 rern
1036 3358 1100 3425 (sie)
1119 3358 1155 3422 R,
1181 3375 1231 3412 om.
1251 3362 1278 3414 Β

135 3487 190 3544 iam,
206 3457 269 3554 dirui
290 3491 316 3555 (ὀ
336 3506 358 3544 s.
378 3490 396 3542 l.
408 3506 450 3566 lm.
471 3491 496 3555 1)
516 3489 544 3544 Β
617 3488 744 3543 deuotam
764 3456 878 3560 quecquis
899 3493 940 3560 (ec
957 3506 978 3542 e.
1000 3491 1017 3544 l.
1038 3497 1063 3544 et
1077 3498 1181 3560 puncto
1196 3495 1276 3550 adel.

134 3592 165 3629 m.
185 3580 214 3645 2)
234 3576 262 3631 Β
326 3579 358 3630 υτ
376 3593 436 3629 curn
454 3577 507 3629 iarn
528 3576 591 3630 dum
610 3576 737 3630 deuotam
758 3594 792 3630 an
812 3578 871 3646 quis
889 3595 905 3631 a
926 3577 1028 3644 (Gocbl.
1049 3579 1147 3632 coaice.
1168 3582 1199 3633 υτ
1218 3597 1276 3634 eam

133 3665 414 3720 iamdumdeuotam
438 3666 548 3735 nequi)
640 3683 689 3720 uec
709 3667 769 3734 quis
788 3667 823 3729 B,
843 3683 876 3719 ne
902 3666 982 3736 quib
1076 3669 1106 3719 11
1128 3669 1277 3738 sponsabat

133 3757 267 3824 repeteret
285 3757 334 3807 aut
355 3754 405 3808 OG
478 3754 580 3808 uiolare
600 3754 712 3808 auderet
734 3754 784 3808 OG
845 3756 878 3807 12
896 3771 949 3806 non
969 3759 1165 3810 sacramentum
1185 3758 1275 3812 inuen.

133 3843 215 3912 igitur
234 3860 285 3898 om.
308 3843 334 3898 G
424 3847 620 3897 sacramentnm
645 3844 822 3913 uirginitatis.
847 3844 936 3911 Igitur
955 3845 1024 3898 coci.
1044 3845 1119 3914 Dap.
1212 3864 1275 3916 ergo

133 3932 285 3985 huiusmodi
307 3931 331 3985 0
419 3934 452 3985 13
477 3934 554 4002 quasi
579 3934 709 3986 secundas
733 3935 795 4003 (que
819 3935 842 3986 si
866 3951 918 3987 sec.
937 3936 974 4004 B)
996 3936 1068 3998 la'bra',
1089 3952 1154 4003 quas
1176 3937 1276 4005 scruposa

134 4021 276 4074 secundos
342 4023 375 4074 14
394 4022 421 4073 in
441 4024 551 4091 nuptias
569 4022 620 4076 OG
692 4013 720 4075 et
738 4022 890 4077 oua.RBob
974 4026 1007 4078 16
1026 4026 1151 4078 maritum
1176 4011 1279 4080 marita¹

132 4102 212 4189 marist
233 4137 297 4204 (sa'c)
317 4137 353 4203 B,
373 4141 434 4206 post
452 4155 487 4190 m.
504 4138 649 4190 orbitatem
668 4154 718 4191 om.
737 4139 825 4193 RBvb
920 4139 1037 4193 orbitate
1059 4139 1084 4192 G
1175 4141 1207 4193 17
1227 4142 1275 4194 illa

132 4226 287 4297 temporalis
311 4227 343 4281 ab
436 4230 469 4282 19
492 4227 610 4280 melioris
638 4226 688 4280 OG
716 4229 780 4294 (cfr.
809 4245 896 4296 stupra
920 4230 940 4282 I
963 4229 1022 4284 Cor.
1051 4233 1075 4293 7,
1101 4231 1161 4295 38),
1187 4229 1274 4283 bonae

132 4315 280 4368 uoluntatis
299 4316 386 4369 RBub
