3064 5010
312 411 375 473 160
657 408 683 460 S.
714 407 1115 477 001011111100110111

311 602 396 681 quod
421 621 438 664 0
461 604 645 685 parentibus
669 603 786 666 uestris
811 603 986 667 admissum
1016 608 1078 678 est3
1109 605 1164 668 sed
1194 605 1338 684 quoniam
1363 605 1428 668 aliud

308 713 371 774 001.
406 709 490 789 quod
523 710 599 773 facit
632 710 766 776 animus.
801 710 886 772 aliud
921 714 979 776 est.
1014 711 1097 792 quod
1131 712 1278 792 operatur
1309 714 1427 776 euentus.

309 815 463 896 quicquid
497 816 534 879 de
568 818 732 881 uoluntate
765 820 873 898 potest
906 818 943 880 ab
977 817 1104 881 bomine
1137 817 1214 894 fieri,
1248 817 1307 880 boc
1338 817 1429 879 meruit

310 921 486 1004 prohiberi;
525 923 675 1004 quicquid
714 924 889 986 necessitas
927 927 1052 1005 000001.
1091 944 1152 987 non
1189 927 1297 1005 potest
1330 924 1428 1006 magnis

308 1028 433 1091 uiribus
468 1029 618 1093 accusari.
645 1030 779 1112 denique
808 1031 957 1095 uoluntas
986 1031 1082 1094 habet
1109 1050 1254 1113 poenam.
1282 1031 1457 1093 1000001001

311 1137 447 1200 neniam.
472 1135 640 1212 homicida,
665 1138 769 1200 scelus
800 1137 874 1200 durn
904 1158 995 1202 110010
1025 1139 1121 1220 cogit.
1149 1141 1258 1220 potest
1285 1141 1315 1200 01
1341 1137 1428 1205 facere.

308 1245 419 1324 potest
438 1246 470 1306 01
488 1263 549 1306 non
568 1244 685 1311 facere:
710 1245 902 1308 adulterium
926 1246 1090 1308 moechus.
1116 1245 1191 1308 dum
1212 1245 1249 1307 de
1269 1245 1342 1309 foris
1358 1262 1429 1308 uerno

313 1350 474 1432 conpellit.
499 1353 607 1432 001001
630 1350 807 1424 admittere,
832 1355 939 1433 potest
963 1355 994 1414 et
1017 1372 1078 1415 non
1104 1353 1282 1418 admittere.
1302 1355 1333 1415 et
1350 1354 1431 1414 cetera

311 1457 508 1522 huiusmodi.
538 1457 570 1520 in
599 1457 715 1539 quibus
744 1459 879 1522 liberurn
908 1459 1043 1522 liabetur
1071 1459 1247 1525 arbitrium.
1284 1459 1351 1523 ideo
1379 1477 1430 1538 pro·

309 1564 413 1627 ¹hibita
437 1564 512 1627 dum
537 1567 699 1648 geruntur.
728 1565 847 1630 iudicio
873 1566 1081 1643 destinantur,
1106 1586 1167 1629 uon
1190 1566 1353 1629 interdicta
1374 1565 1460 1627 duno

307 1671 417 1752 aliqua
445 1672 636 1735 necessitate
665 1672 754 1738 fiunt.
784 1673 864 1736 forte
902 1675 993 1737 facile
1034 1674 1181 1757 dignetur
1204 1673 1370 1756 ignoscere,
1391 1670 1431 1752 qui

309 1778 414 1841 noluit
440 1778 616 1860 prohibere.
655 1779 954 1860 deniquedeliotum.
980 1781 1039 1844 1100
1091 1781 1175 1862 quod
1204 1780 1293 1861 quasi
1321 1779 1431 1860 capitale

313 1885 418 1966 potuit
443 1884 525 1949 obici
548 1885 732 1968 parentibus
757 1887 883 1950 uestris.
910 1887 936 1949 si
959 1887 1015 1950 illo
1040 1886 1237 1968 intempore
1267 1886 1432 1949 nudarentur

313 1996 368 2055 001
395 1993 427 2056 10
455 1992 609 2056 iudicium
637 1998 836 2058 uocarentur.
870 1999 1002 2077 possent
1035 1996 1095 2058 sibi
1129 1996 1271 2076 exemplo
1304 2013 1359 2057 non
1383 2009 1430 2053 uno

313 2118 506 2173 succurrere,
535 2101 590 2163 ubi
617 2100 727 2182 primis
756 2101 953 2184 temporibus
987 2107 1041 2165 001
1073 2099 1212 2165 tabulae
1230 2101 1310 2184 legis
1336 2099 1431 2162 fractae
1445 2123 1459 2159 0
1508 2141 1509 2182 3

314 2210 370 2269 aut
392 2207 465 2270 libri
488 2207 598 2270 traditi
623 2228 693 2272 0000
721 2209 873 2291 leguntur
900 2211 954 2272 uel
980 2209 1074 2274 incisi
1098 2214 1130 2272 01
1152 2208 1284 2275 incensi.
1308 2211 1338 2270 01
1358 2223 1430 2268 nemo

315 2313 481 2378 damnatus
506 2319 565 2378 001
604 2315 640 2392 si,
665 2320 820 2397 utsupra
845 2317 916 2392 diri,
941 2321 1085 2398 parentes
1110 2316 1210 2378 uestri
1233 2316 1289 2378 illo
1312 2317 1430 2393 tempore

314 2422 520 2496 nudarentur,
554 2421 582 2485 01
615 2424 756 2486 00000011
788 2424 984 2505 potuissent.
1019 2424 1086 2487 sine
1120 2423 1216 2487 dubio
1250 2422 1381 2485 dicerent
1405 2436 1430 2480 00

309 2528 391 2591 nihil
415 2530 551 2611 amplius
579 2530 693 2594 fecisse
723 2550 740 2592 a
763 2531 873 2612 Moyse
902 2531 1096 2612 legislatore.
1126 2529 1274 2610 qnarnuis
1301 2547 1357 2590 non
1385 2524 1431 2588 sibi
1507 2543 1508 2566 ³

314 2635 456 2699 similent
489 2637 545 2700 sed
568 2637 651 2701 inter
674 2657 707 2700 se
731 2641 910 2720 repugnent
936 2637 1110 2701 necessitas
1135 2639 1168 2699 01
1190 2636 1347 2709 uoluntas,
1374 2651 1461 2695 00110

310 2741 419 2805 eodem
444 2744 569 2807 nomine
593 2744 673 2826 legis
698 2748 863 2826 parentum
887 2748 1066 2807 nestrorum
1091 2745 1123 2806 01
1145 2742 1253 2824 Moysi
1276 2761 1335 2804 una
1355 2739 1432 2804 fuerit

310 2868 415 2912 00000.
453 2854 585 2933 possent
613 2851 716 2915 dicere
745 2855 890 2934 parentes
915 2851 1014 2914 nestri
1038 2850 1118 2913 illud
1143 2870 1176 2912 00
1202 2849 1240 2912 de
1265 2849 1431 2913 necessitate
1506 2889 1507 2926 ,

311 2955 436 3033 fecisse,
471 2957 555 3037 quod
582 2957 711 3039 Moyses
744 2959 828 3039 prior
860 2959 970 3021 lecerit
1002 2957 1039 3020 de
1073 2958 1252 3021 uoluntate.
1295 2956 1346 3038 qui
1374 2936 1455 3018 cun

310 3065 427 3145 000010
456 3063 683 3148 indignaretur,
713 3083 773 3128 11011
804 3065 1026 3142 considerauit,
1056 3065 1129 3147 quia
1158 3065 1237 3129 deus
1267 3065 1360 3147 digito
1386 3079 1431 3125 suo

306 3171 479 3252 scripserat
502 3207 545 3215 —
569 3173 602 3232 et
623 3171 696 3254 plus
721 3175 779 3248 est,
806 3172 889 3252 quod
914 3172 1066 3254 scripturn
1091 3175 1141 3235 est
1172 3171 1204 3234 in
1231 3171 1325 3246 caelo,
1354 3185 1463 3250 quana

307 3277 394 3358 quod
421 3277 453 3340 in
483 3283 576 3355 terra,
604 3281 639 3340 01
667 3297 728 3342 non
757 3282 807 3341 est
834 3298 944 3354 unum,
974 3279 1058 3359 quod
1086 3278 1163 3342 fecit
1192 3278 1243 3341 dei
1268 3277 1380 3360 digitus
1409 3275 1433 3335 et
1505 3323 1506 3366 ἐ

309 3385 394 3466 quod
433 3385 561 3468 scripsit
598 3386 739 3449 calamus
772 3386 910 3448 humana
951 3405 1047 3448 manu
1085 3386 1281 3467 conpositus.
1321 3383 1432 3464 Moyses

307 3493 438 3570 ferebat,
464 3493 626 3575 quod-per
649 3493 766 3556 nubem
795 3495 968 3574 acceperat,
998 3495 1030 3554 et
1056 3494 1202 3573 parentes
1232 3489 1329 3554 000111
1354 3486 1432 3550 tradi-

307 3599 429 3676 derunt,
451 3599 533 3680 quod
554 3599 627 3661 data
640 3600 783 3662 mercede
804 3599 1012 3664 confecerant.
1032 3597 1116 3661 10010
1137 3617 1170 3661 00
1190 3599 1333 3680 00100100
1349 3591 1432 3657 uestri

306 3706 515 3770 defenderent
540 3707 691 3771 docentes
720 3707 854 3789 capitale
879 3707 996 3769 crimen
1020 3726 1081 3769 non
1107 3724 1189 3779 esse.
1216 3704 1242 3768 si
1266 3703 1297 3766 id
1321 3701 1464 3766 fecisseta
1504 3721 1505 3740 2

308 3813 528 3895 unusquisque
561 3834 669 3879 eorum
702 3833 817 3896 magno
850 3817 938 3877 metu
971 3813 1171 3895 pertenitus.
1207 3811 1288 3893 quod
1320 3810 1430 3890 Moyses

304 3922 435 3985 fecisset
470 3922 580 3985 iratus.
607 3925 639 3985 et
671 3942 731 3986 non
769 3921 904 4004 legimus
943 3921 1106 3985 dominum
1142 3921 1338 4003 indignatum
1373 3933 1431 3979 esse

305 4029 411 4110 Moysi
433 4048 491 4093 nec
515 4028 694 4093 uindicasse
720 4029 895 4093 confractas
919 4028 1056 4104 tabulas
1082 4046 1159 4108 quas
1183 4047 1276 4090 manu
1300 4044 1355 4088 sua
1376 4040 1430 4104 per·

303 4137 485 4218 scripserat,
510 4155 569 4200 nec
601 4141 749 4217 peccator
778 4137 955 4218 appellatus
986 4138 1035 4198 est
1061 4153 1119 4197 nec
1148 4134 1288 4214 punitus.
1324 4130 1459 4234 010101Ι
1503 4117 1504 4144 .

395 4329 464 4381 15&
483 4328 517 4380 23
537 4344 576 4395 sq.
597 4325 642 4379 clr.
661 4327 743 4379 Erod.
763 4327 805 4382 32.
828 4327 872 4388 1a;
894 4327 975 4378 Dent.
996 4327 1021 4380 9.
1043 4327 1074 4377 17
