3064 5010
248 447 314 509 162
584 438 610 490 1
637 435 778 505 Optati
803 435 1038 489 Mileuiteni

247 640 318 702 seut
349 636 507 718 principes
539 634 650 709 uestri,
689 633 803 715 quibus
836 632 955 714 legitur
986 632 1111 696 Barnch
1148 631 1265 694 librum
1299 630 1379 712 legis,

248 763 342 826 quem
367 762 402 807 ex
426 761 477 806 ore
496 739 677 805 Hieremiae
696 739 868 822 prophetae
888 742 1063 820 exceperat,
1084 737 1255 802 tradidisse
1275 737 1380 800 scribae

190 869 192 874 ·
247 849 340 914 ludin
373 851 406 912 et
432 867 450 911 a
472 847 669 932 principibus
692 846 776 930 regis
800 846 927 909 iussum
951 865 1031 923 esse,
1056 849 1093 908 111
1118 848 1149 908 11
1171 845 1240 926 ipse
1259 843 1381 918 Barueb,

251 957 305 1038 qui
338 957 514 1037 exceperat,
549 957 582 1016 11
607 953 799 1028 Hieremias,
832 971 887 1036 per
920 972 1013 1033 quem
1048 952 1125 1016 deus
1158 952 1286 1016 loeutus
1318 951 1382 1022 erat,

250 1063 396 1148 fugerent
433 1065 464 1125 et
501 1061 645 1124 laterent.
692 1060 868 1128 Hieremias
907 1060 1056 1136 dictabat,
1095 1058 1222 1122 Baruch
1255 1055 1412 1133 tradidits

249 1171 397 1252 fugerant
425 1168 533 1242 ambc;
569 1167 608 1230 ad
630 1167 771 1232 Ioachim
800 1186 906 1252 regem
929 1167 1010 1230 liber
1033 1165 1159 1230 adlatus
1184 1168 1243 1242 est,
1268 1164 1319 1246 qni
1339 1183 1381 1226 rex

250 1296 322 1340 oum
347 1277 417 1339 aute
443 1294 484 1339 se
499 1294 554 1358 pro
580 1275 733 1356 qualitate
761 1275 914 1359 temporis
943 1273 1050 1357 frigidi
1080 1274 1202 1336 arulam
1231 1271 1382 1335 habuisset

251 1383 411 1446 ardentem
453 1385 485 1446 et
517 1381 635 1445 librum
668 1401 686 1444 a
717 1381 810 1445 Iudin
844 1381 948 1446 scriba
974 1382 1143 1445 recitatum
1172 1399 1234 1444 non
1262 1379 1382 1442 libenter

252 1489 439 1568 audiuisset,
460 1488 593 1552 subinde
613 1488 775 1553 concisum
794 1488 976 1552 minutatim
1000 1487 1128 1572 ignibus
1151 1485 1327 1568 inponebat.
1356 1487 1382 1548 et

250 1615 312 1660 nou
342 1595 441 1658 iratus
471 1596 520 1658 est
548 1594 626 1659 deus
654 1595 707 1657 1111
729 1594 918 1672 Hieremiae,
945 1594 999 1675 qui
1022 1595 1156 1678 fugerat,
1182 1593 1235 1656 uel
1258 1592 1415 1668 Bernaba

253 1701 307 1783 qui
332 1721 464 1804 cum'eo
489 1701 615 1784 fugiens
639 1700 825 1775 tradideram
860 1701 976 1781 quibus
1006 1701 1034 1764 si
1063 1700 1141 1764 deus
1170 1701 1269 1763 iratus
1297 1702 1381 1775 esset,

252 1809 291 1872 ad
318 1808 505 1892 prophetam
534 1808 670 1889 aliquem
701 1809 835 1872 alterum
863 1809 1059 1890 loqueretur3
1093 1827 1154 1872 uon
1184 1807 1222 1870 ad
1251 1807 1382 1882 alterum,

252 1914 307 1978 sed
336 1915 374 1977 ad
403 1915 509 1996 ipsum
537 1915 729 1978 Hieremiam
762 1915 890 1979 locutus
924 1915 981 1978 est.
1008 1914 1053 1978 sio
1083 1914 1166 1978 enim
1194 1914 1321 1997 legitur:
1353 1916 1383 1976 et

255 2023 382 2086 factus
421 2024 478 2085 est
516 2041 635 2086 sermo
670 2021 810 2086 domini
844 2019 887 2084 ad
918 2021 1163 2098 Hieremiam,
1196 2023 1382 2102 postquam

253 2128 453 2192 conbussit
497 2147 558 2191 rex
602 2129 812 2210 capitulum
851 2128 940 2192 libri
979 2131 1015 2192 et
1052 2147 1258 2202 sermones,
1300 2145 1382 2208 quos
1401 2143 1417 2181 1⁵

225 2279 229 2292 -
253 2234 411 2317 scripsit
434 2235 580 2299 Barnch
605 2254 645 2298 ex
670 2255 729 2300 ore
753 2235 975 2301 Hieremiae.
1003 2235 1099 2298 dixit
1122 2236 1214 2298 deus
1245 2235 1287 2297 ad
1308 2233 1382 2296 Hie·

254 2341 424 2406 remiam:
450 2341 577 2425 accipe
601 2342 674 2406 tibi
699 2342 865 2406 chartam
890 2344 1047 2406 alteram
1069 2345 1105 2406 et
1124 2341 1248 2406 scribe
1268 2359 1383 2404 omnes

254 2467 444 2513 sermones
469 2451 571 2526 tuos,
597 2449 660 2530 qni
683 2451 772 2513 tunc
797 2452 904 2514 erant
927 2451 1062 2532 scripti
1085 2450 1122 2512 in
1145 2450 1258 2526 libro,
1287 2467 1383 2530 quern

255 2555 457 2620 ecubussit
487 2555 655 2619 Ioachim
679 2575 740 2618 rex
762 2556 886 2620 Iudae.
926 2576 997 2621 ecce
1026 2576 1084 2621 nee
1109 2557 1187 2620 dens
1211 2557 1308 2620 iratus
1332 2558 1382 2630 est,

253 2681 311 2726 neo
335 2662 389 2744 qui
413 2663 532 2726 arserat
554 2662 645 2744 perit,
670 2681 728 2726 nec
751 2662 876 2727 Barnch
900 2663 1031 2745 punitus
1056 2666 1113 2741 est,
1138 2681 1196 2728 nec
1218 2662 1384 2728 Hieremias
1399 2684 1418 2720 1

253 2788 271 2832 1
300 2768 362 2833 deo·
388 2770 589 2850 contemptus
619 2772 680 2844 est3
710 2769 793 2833 unde
822 2774 959 2853 apparet,
989 2771 1073 2852 quod
1096 2772 1127 2834 in
1151 2771 1211 2835 hac
1234 2789 1266 2835 re
1290 2769 1384 2854 granis

255 2893 428 2955 numquam
452 2875 548 2938 fuerit
571 2876 673 2958 culpa,
694 2895 788 2958 quam
807 2896 979 2958 numquam
1002 2877 1109 2960 potuit
1132 2877 1223 2959 sequi
1245 2876 1384 2941 uindicta.

163 2995 164 2998 ’
254 2981 281 3044 si
309 2981 388 3045 haec
415 2985 561 3064 parentes
589 2983 689 3046 uestri
712 2982 904 3065 adlegerent,
935 2984 1005 3065 quis
1033 2984 1107 3048 illos
1135 3003 1153 3046 1
1177 2983 1384 3048 communione

254 3106 403 3151 reuocare
436 3087 616 3169 potuisset?
648 3089 781 3171 denique
815 3108 888 3154 enm
920 3090 1045 3154 uideret
1073 3090 1151 3154 deus
1180 3093 1213 3154 11
1242 3109 1259 3152 1
1286 3089 1384 3170 Moyse

254 3193 336 3276 legis
369 3193 496 3256 tabulas
528 3194 644 3258 fractas
677 3198 709 3258 et
741 3213 844 3259 arcam
877 3195 1024 3260 hostibus
1053 3196 1238 3260 derelictam
1267 3199 1296 3259 ef
1321 3196 1385 3278 post
1400 3214 1420 3252 1

257 3299 460 3363 traditionem
493 3301 618 3364 Barnch
650 3301 765 3365 librum
797 3303 879 3386 legis
922 3306 962 3366 et‘
990 3303 1134 3378 incisum,
1159 3321 1229 3366 esse
1263 3306 1295 3366 et
1324 3320 1385 3365 con·

256 3407 399 3484 bustum,
433 3406 587 3470 indicauit
618 3408 851 3489 prouidentiam
881 3429 971 3474 suam
1000 3413 1032 3472 et
1057 3409 1205 3493 promisit
1234 3428 1267 3472 se
1293 3409 1385 3490 legent

183 3551 184 3554 =
257 3514 320 3577 iam
345 3533 406 3577 non
429 3513 461 3575 iu
484 3513 604 3577 tabulis
628 3515 764 3579 scribere
788 3517 899 3580 necin
922 3517 1022 3594 libris,
1042 3516 1148 3580 sedin
1168 3516 1238 3598 ipso
1257 3513 1386 3578 interiori

257 3620 395 3696 homine,
411 3619 471 3684 hoc
491 3624 539 3685 est
557 3621 588 3683 iu
607 3623 712 3686 mente
733 3625 765 3685 et
782 3623 813 3686 iu
833 3623 925 3688 corde
951 3624 1202 3705 uniuscuiusque
1232 3620 1385 3695 credentis,

258 3725 416 3808 quomodo
450 3727 619 3810 scripserat
650 3730 682 3792 in
716 3730 808 3794 corde
836 3731 914 3806 Noe,
943 3731 1097 3809 Abrahae,
1126 3732 1217 3796 Isaac
1246 3734 1277 3795 et
1301 3729 1385 3794 Iacob
1401 3748 1422 3786 11

259 3836 291 3895 et
315 3835 491 3896 ceterorum
514 3835 772 3915 patriarcharum,
802 3857 881 3919 qnos
910 3841 1035 3902 constat
1062 3839 1204 3922 legitime
1234 3839 1297 3902 siue
1324 3838 1385 3918 lege

257 3939 385 4002 uixisse.
410 3959 505 4020 quam
527 3960 592 4005 rem
615 3945 728 4024 probat
752 3947 783 4007 et
805 3944 919 4009 beatus
943 3947 1107 4027 apostolus
1131 3946 1250 4009 Paulus
1275 3945 1384 4008 diceus:

259 4045 404 4128 scripta
432 4066 502 4110 nou
531 4052 753 4128 atramento,
784 4052 848 4115 sed
877 4053 1018 4134 spiritu
1052 4053 1110 4116 dei
1139 4053 1235 4130 uiui,
1264 4051 1385 4116 nonin

351 4237 984 4308 ffifflmfflnmmsswa3

297 4344 1128 4412 Mfflfflfflmbfflmmmfflmffimb
