3064 5010
507 477 623 530 Liber
648 477 850 546 septimus,
880 495 900 531 c.
932 479 955 532 1.
1227 482 1289 546 163

145 656 292 736 tabu'lis
330 673 510 754 lapideis,
543 665 615 736 'sed
648 673 684 735 in
717 672 863 736 tabulis
901 673 1025 737 cordis
1060 675 1289 739 carnalibus.

144 781 218 860 post
245 781 351 862 legem
378 791 398 842 'a
420 779 530 862 Moyse
559 781 692 844 fractam
720 783 753 843 et
781 799 799 842 a
826 780 901 844 ffliis
924 780 1046 844 Israhel
1068 782 1213 847 hostibus
1239 782 1290 846 de-

143 886 290 949 relictam
319 888 351 949 et
378 885 527 950 offerente
550 886 676 950 Baruch
704 886 744 949 ad
766 885 907 950 Ioachim
934 907 1042 970 regem
1072 891 1104 952 et
1131 889 1289 952 concisam
1322 915 1326 924 ·

145 996 177 1057 et
198 994 361 1057 incensam
386 994 458 1055 ante
482 995 625 1074 tempora
648 993 828 1070 christiana,
854 993 909 1057 ubi
926 996 1037 1076 postea
1055 995 1171 1058 melius
1191 995 1289 1078 scrip-

115 1102 235 1162 ⁵turus
260 1102 335 1176 erat,
360 1101 464 1183 legem
487 1099 641 1164 indicauit
665 1101 742 1165 deus
766 1120 822 1184 per
844 1102 1031 1183 prophetam
1056 1101 1178 1166 dicens:
1204 1121 1289 1185 quo-

145 1206 244 1269 niam
281 1206 351 1271 hoe
389 1210 447 1271 est
483 1209 753 1284 testamentum
790 1227 926 1286 meum,
962 1210 1059 1290 quod
1093 1208 1289 1291 disponam

55 1385 57 1389 ⁸
145 1312 272 1376 domui
305 1314 452 1377 Israhel
485 1317 521 1376 et
554 1314 679 1378 domui
710 1314 840 1392 Iudae,
875 1325 912 1380 et
943 1318 1031 1398 post
1068 1316 1149 1380 dies
1186 1316 1287 1393 illos,

145 1419 240 1484 dicit
268 1420 452 1498 dominus,
479 1420 569 1485 dans
593 1423 698 1504 leges
722 1441 822 1486 meas
846 1422 882 1485 in
907 1423 1016 1486 corde
1041 1442 1165 1488 eorum
1191 1425 1229 1486 et
1251 1423 1287 1486 in

143 1526 335 1590 mentibus
360 1547 486 1592 eorum
511 1529 671 1592 scribam
696 1547 768 1593 eas.
792 1529 939 1610 promisit
961 1530 1021 1594 hoo
1044 1529 1231 1594 iamdudum
1257 1531 1290 1593 et
1337 1537 1338 1540 ’

90 1623 125 1688 ἰο
142 1633 281 1716 proxime
313 1633 450 1698 reddidit
480 1635 677 1717 temporibus
711 1629 904 1700 christianis.
943 1656 1017 1719 ergo
1050 1637 1113 1700 iam
1146 1636 1285 1702 secundo

143 1741 212 1804 loco
242 1744 291 1804 est
319 1741 437 1818 charta,
466 1741 605 1810 secundo
633 1744 704 1806 loco
732 1744 944 1810 membranae.
986 1744 1013 1807 si
1042 1763 1060 1807 a
1089 1743 1147 1808 deo
1170 1745 1220 1806 lex
1243 1743 1288 1807 ibi

142 1848 259 1928 scripta
283 1852 342 1926 est,
367 1849 450 1912 unde
473 1848 555 1913 tradi
579 1869 640 1914 non
663 1850 775 1931 possit,
796 1853 833 1913 ut
850 1852 996 1932 parentes
1014 1851 1125 1928 uestri,
1147 1851 1203 1932 qui
1222 1851 1286 1914 iarn

141 1954 172 2016 in
195 1955 337 2019 trinitate
362 1956 567 2034 crediderant,
596 1958 742 2039 quamuis
766 1957 863 2022 libros
887 1957 1082 2034 tradiderint,
1107 1976 1166 2022 neo
1191 1956 1285 2022 corda

141 2079 196 2122 nec
226 2065 348 2124 mentes
380 2062 568 2127 tradiderint
600 2083 688 2141 suas,
722 2063 754 2126 in
788 2064 903 2146 quibus
937 2063 1015 2128 deus
1048 2066 1152 2149 legem
1190 2083 1281 2129 suam

55 2169 59 2176 '
103 2168 277 2250 ascripsit,
308 2170 404 2234 sicuti
431 2189 465 2234 se
494 2172 685 2253 scripturum
712 2189 783 2234 esse
805 2171 1007 2252 promiserat:
1035 2170 1091 2234 ubi
1115 2172 1165 2234 est
1190 2190 1278 2255 ergo,

140 2274 234 2339 frater
251 2276 466 2354 Parmenione,
487 2277 571 2359 quod
590 2277 696 2342 dixisti
714 2278 840 2360 penitus
866 2281 1009 2342 exustam
1033 2297 1051 2341 a
1073 2278 1280 2342 traditoribus

139 2382 262 2465 legem?
288 2402 360 2447 ecce
383 2402 441 2448 nec
464 2385 591 2466 penitus
616 2387 726 2449 exusta
749 2387 877 2449 estnec
901 2403 937 2448 er
955 2388 1023 2450 toto
1044 2386 1178 2462 sublata,
1200 2384 1276 2449 dum

141 2489 229 2552 etin
259 2491 406 2555 cordibus
440 2491 635 2555 credentium
667 2496 775 2556 manet
803 2501 832 2556 el
859 2492 1012 2557 librorum
1044 2492 1134 2555 milia
1162 2492 1280 2575 ubique

140 2597 324 2672 recitantem
352 2597 435 2661 unde
460 2602 588 2683 apparet
609 2602 641 2663 te
664 2601 812 2682 parentes
834 2601 919 2676 tuos,
944 2599 1090 2681 quamuis
1114 2618 1170 2682 per
1191 2599 1283 2684 igno·

102 2715 123 2752 2⁰
139 2702 281 2781 rentiam,
310 2704 427 2769 frustra
454 2725 601 2771 accusare
629 2706 784 2770 uoluisse.
821 2706 920 2790 igitur
948 2706 974 2770 si
1001 2710 1149 2789 parentes
1177 2706 1278 2770 uestri

141 2809 178 2872 ad
209 2812 353 2894 tempora
389 2813 521 2877 unitatis
559 2816 757 2878 occurrerent
788 2816 838 2877 tot
870 2813 1020 2895 exemplis
1052 2813 1283 2878 rationabiliter

139 2917 268 2982 redditis
306 2922 338 2982 et
363 2919 426 3003 ipsi
454 2939 472 2983 a
500 2921 720 2985 communione
748 2920 860 3002 repelli
887 2939 949 2983 non
985 2922 1126 3002 possent,
1157 2923 1278 3002 quanto

140 3043 207 3102 uos,
236 3045 316 3107 quos
345 3029 470 3091 constat
495 3027 663 3091 traditores
692 3046 753 3091 non
783 3045 853 3092 esse
882 3026 937 3090 sed
960 3026 1048 3092 *filios
1076 3026 1280 3108 traditorum,

141 3150 211 3194 cum
238 3135 364 3214 patrum
388 3137 420 3196 et
441 3133 579 3198 filiorum
608 3137 639 3198 et
666 3153 817 3216 personae
846 3133 1065 3197 discernantur
1091 3135 1122 3197 et
1145 3133 1282 3210 nomina,

101 3235 218 3303 2⁵1ner
245 3258 323 3320 quas
352 3258 501 3322 personas
530 3241 558 3304 si
584 3261 646 3305 non
675 3241 717 3306 sit
745 3241 922 3305 communis
952 3241 1057 3322 culpa,
1090 3258 1152 3303 non
1176 3242 1284 3321 potest

141 3361 201 3405 una
224 3363 293 3408 esse
318 3348 494 3430 sententia?
532 3367 722 3431 quamquam
746 3351 779 3412 et
802 3348 829 3412 si
851 3348 979 3413 illorum
1002 3347 1058 3410 uni
1060 3350 1109 3410 tas
1060 3346 1226 3410 tfieret
1251 3349 1283 3410 et

141 3451 168 3514 si
198 3452 236 3516 ad
270 3453 382 3518 eccle'
339 3472 437 3517 esram
470 3455 658 3519 catholicam
691 3458 803 3536 sponte
836 3455 1070 3518 uenissent-
1099 3473 1161 3522 non
1198 3454 1282 3517 sicut

140 3577 206 3637 noa,
235 3581 315 3642 quos
343 3581 404 3625 non
434 3561 500 3631 sine
528 3561 692 3625 uoluntate
721 3561 772 3624 dei
800 3561 918 3626 adduct
905 3565 954 3625 tos
983 3579 1053 3625 esse
1083 3563 1219 3638 constat,
1244 3563 1281 3623 ut

140 3669 291 3746 rediretis,
322 3669 402 3732 unde
433 3671 590 3733 errauerat
591 3669 629 3743 is,
658 3669 805 3751 quamuis
835 3668 938 3732 adhuc
969 3667 1157 3732 erretis-
1191 3667 1218 3731 si
1242 3667 1280 3729 ad

100 3798 123 3834 so
141 3775 336 3853 catholicam,
365 3778 402 3840 ut
425 3775 497 3854 dixi,
522 3778 633 3858 sponte
657 3777 831 3854 uenissent,
851 3775 924 3857 quia
946 3775 1114 3839 traditores
1138 3775 1280 3850 fuerant,

225 4058 241 4109 5
261 3955 418 4158 Ηίιεεῇ9
418 4057 451 4109 33
472 4055 528 4122 (cfr.
548 4056 630 4109 Hehr.
652 4056 694 4119 10,
715 4057 759 4121 16)

173 4231 188 4284 8
208 4232 317 4284 cordab
354 4231 388 4285 23
406 4249 459 4285 non
478 4231 621 4284 traditores
642 4232 656 4284 b
694 4231 727 4284 26
744 4206 823 4303 {tad
837 4231 898 4295 (om.
919 4229 952 4296 si)
970 4229 1031 4283 eccl.
1050 4227 1169 4280 Gcsaub.
1192 4226 1280 4291 etvsi

141 4321 241 4389 (liput.)
261 4322 289 4374 A
379 4323 413 4374 27
431 4321 570 4374 eeclesiam
591 4323 623 4385 (u
641 4324 724 4386 eras.)
748 4319 909 4372 satholicam
928 4319 955 4370 A
1062 4316 1188 4369 uenirent
1210 4314 1279 4368 CGb

141 4410 197 4473 (scd
215 4411 264 4476 cfr.
285 4410 302 4462 1.
325 4412 376 4476 30)
449 4410 483 4463 28
502 4409 548 4466 dat
565 4409 686 4462 austeros
706 4409 740 4472 A,
761 4409 868 4461 adiutos
891 4408 957 4463 CGh
1027 4408 1061 4461 30
1079 4405 1190 4459 fuerunt
1211 4403 1278 4457 CGh

1176 4512 1226 4566 11*
