3052 5012
243 391 306 454 138
476 397 479 402 “
575 387 602 442 S.
631 386 771 456 Optati
796 386 1029 439 Mileuituni

240 581 328 643 ieret.
352 580 415 644 iam
440 579 585 645 Christus
612 582 797 663 pereuntem
824 578 974 643 ueniebat
997 577 1036 641 ad
1057 596 1206 660 puerum3
1235 577 1281 642 sic
1309 596 1371 640 eum

239 686 381 776 centurio
404 687 517 764 tenuit,
541 691 579 750 ut
597 673 820 769 indignitatem
838 684 917 749 teeti
936 685 987 750 sui
1005 683 1182 761 confessus,
1200 683 1283 765 quod
1296 682 1372 746 filius

239 793 291 856 dei
323 796 411 858 totus
444 812 506 858 non
540 793 668 858 deberet
700 793 826 868 intrare,
862 791 918 856 s'ed
950 809 1041 855 suam
1069 790 1224 854 uirtutem
1245 789 1372 866 mittere,

239 919 301 981 qua
332 919 410 982 puer
441 901 552 984 fugata
583 903 684 964 morte
717 899 909 964 reuiuiscere
941 898 1110 980 potuisset.
1143 917 1205 961 non
1231 894 1373 961 fortitudo

240 1005 444 1084 centurionis,
468 1026 530 1071 non
555 1006 711 1088 sapientia
732 1005 863 1069 laudata
887 1008 946 1081 est,
971 1004 1027 1068 sed
1050 1004 1144 1068 fides:
1171 1006 1208 1067 et
1231 1003 1404 1067 curatusa

239 1116 298 1176 est
329 1133 421 1196 puer
452 1113 488 1177 in
521 1114 590 1177 illa
622 1114 720 1179 hora.
746 1115 831 1176 certo
855 1112 969 1176 ‘dantis
1008 1113 1066 1188 est,
1098 1130 1160 1175 non
1194 1107 1376 1192 accipientis'

239 1220 342 1282 multa
366 1222 441 1284 sunt
463 1220 647 1284 huiusmodi
670 1219 701 1283 in
727 1219 892 1303 euangelio
917 1219 955 1283 de
977 1218 1039 1283 fide
1067 1218 1219 1300 pert'ecta,
1248 1216 1302 1280 sed
1328 1213 1375 1280 uel

241 1325 300 1387 tria
327 1327 501 1408 conplenda
529 1330 604 1391 sunt
630 1327 704 1391 fidei
732 1327 924 1392 testimonia.
973 1325 1049 1408 quid
1076 1324 1170 1389 uobis
1203 1323 1327 1387 uidetur
1348 1326 1376 1384 et

238 1431 295 1496 illa
317 1433 442 1510 mulier,
463 1452 542 1515 quae
563 1434 600 1497 de
621 1438 742 1499 secreto
763 1453 876 1499 causae
894 1433 1093 1510 feminarum,
1114 1451 1187 1496 curn
1210 1451 1264 1514 per
1285 1449 1375 1495 annos

240 1538 407 1603 duodecim
430 1540 588 1604 laboraret
612 1542 644 1603 et
668 1559 794 1605 omnem
823 1538 1036 1604 substantiam
1065 1556 1156 1602 suam
1182 1537 1215 1600 in
1242 1536 1375 1620 medicos
1392 1555 1411 1593 n

241 1649 413 1728 erogasset,
447 1663 520 1710 cum
553 1646 677 1710 uideret
701 1666 718 1710 a
740 1646 806 1711 filio
840 1646 891 1709 dei
921 1647 1026 1709 tantas
1060 1644 1212 1709 celebrari
1238 1643 1374 1727 uirtutes,

238 1753 392 1832 processit
405 1753 436 1816 in
456 1754 593 1830 turbam,
611 1753 702 1817 uidet
718 1753 889 1830 medicum,
909 1751 1000 1816 uidet
1017 1755 1051 1815 et
1067 1751 1232 1834 populum.
1251 1750 1376 1832 cogebat

232 1857 327 1922 'iilam
365 1860 462 1939 dolor,
500 1863 537 1924 ut
574 1860 764 1925 medicinam
801 1862 936 1943 peteret,
974 1858 1076 1941 pudor
1116 1857 1306 1940 inpediebat,
1340 1874 1375 1918 ne

240 1985 368 2030 causam
401 1986 491 2031 suam
524 1986 629 2032 coram
661 1967 813 2032 masculis
850 1966 1015 2030 indicaret.
1055 1964 1179 2028 inuenit
1218 1963 1375 2028 consilium

238 2072 336 2136 tacita
366 2073 457 2138 fides,
490 2075 647 2153 mittam,
681 2075 796 2156 inquit,
829 2093 974 2136 manum
1006 2092 1125 2136 meam
1163 2073 1200 2136 et
1236 2073 1373 2153 tangam
1390 2087 1409 2124 n

237 2178 426 2242 fimbriam
450 2182 672 2245 uestimenti
696 2181 819 2258 huius,
838 2183 873 2244 et
887 2179 1089 2246 sanafiam.
1114 2177 1240 2241 nemine
1257 2176 1375 2239 uidente

174 2316 176 2320 ·
239 2284 322 2348 inter
345 2286 454 2349 turbas
478 2306 606 2351 manum
629 2288 729 2365 misit,
748 2286 858 2370 tetigit
882 2289 914 2351 et
936 2287 1048 2350 sanata
1066 2287 1129 2360 est;
1154 2302 1213 2347 nec
1237 2301 1309 2346 ausa
1331 2283 1375 2344 est

240 2392 389 2470 indicare,
420 2393 502 2473 quod
536 2413 613 2458 ausa
645 2414 707 2459 non
739 2395 843 2466 fuerat
874 2396 991 2477 petere.
1026 2392 1082 2456 sed
1105 2411 1143 2455 ne
1166 2390 1287 2453 fructus
1308 2385 1375 2450 fidei

242 2498 326 2580 apud
356 2499 538 2582 ignorantes
569 2501 667 2565 latere
695 2501 866 2578 uideretur,
896 2499 942 2564 sie
972 2500 1112 2563 saluator
1139 2497 1196 2561 ait:
1224 2495 1373 2578 quisine

241 2605 396 2688 tetigit?
420 2605 527 2669 mirati
550 2609 626 2671 sunt
649 2607 798 2690 discipuli
818 2607 886 2670 eius
907 2606 1063 2671 dicentes:
1087 2605 1280 2670 turbante
1303 2621 1374 2666 con·
1389 2617 1409 2654 2⁰

241 2711 419 2794 primunt;
453 2716 496 2776 tu
528 2713 639 2778 dicis:
675 2714 759 2795 quis
792 2732 847 2777 me
876 2713 1032 2796 tetigit?
1056 2715 1088 2775 et
1112 2710 1274 2776 Christus:
1298 2707 1373 2790 quis

240 2837 306 2893 me,
330 2818 493 2899 inquam,
517 2820 673 2904 tetigit?
699 2820 801 2885 sensi
831 2840 848 2884 a
875 2839 929 2884 me
960 2819 1081 2883 exisse
1105 2817 1297 2881 uirtutem.
1334 2813 1374 2878 sio

240 2924 354 2988 mulier
377 2925 522 2990 confessa
541 2929 591 2990 est
610 2946 643 2990 se
662 2927 809 3010 tetigisse
828 2930 861 2991 et
884 2946 992 2991 sanam
1017 2945 1096 2990 esse.
1119 2925 1305 2989 iamdudum
1326 2939 1373 3004 pro

240 3031 306 3095 filia
336 3035 438 3095 rnater
469 3033 571 3114 pet't,
605 3053 661 3114 pro
693 3052 789 3116 puero
824 3033 966 3097 centurio
998 3032 1192 3115 postulauit3
1225 3031 1373 3096 hocloco

239 3159 297 3204 nec
324 3139 440 3202 mulier
466 3140 569 3221 petiit,
598 3159 656 3204 nec
681 3140 827 3205 Christus
855 3139 1011 3221 promisit,
1040 3139 1096 3202 sed
1123 3139 1202 3203 fides
1231 3141 1410 3220 quantumi-t

240 3246 463 3328 praesumpsit,
489 3246 606 3330 exegit:
631 3250 715 3311 certe
741 3246 856 3312 ‘dantis
881 3249 940 3322 est,
964 3266 1026 3311 non
1052 3245 1257 3326 accipientis!

305 3439 320 3490 5
330 3437 429 3491 Matth.
439 3437 464 3501 8,
473 3437 506 3490 13
543 3438 631 3491 9-23
641 3437 705 3492 Luc.
717 3438 742 3502 8,
751 3438 858 3492 43-46
865 3460 871 3504 ;
881 3438 1011 3502 Matthe,
1020 3437 1125 3491 20-22
1132 3458 1139 3500 ;
1149 3437 1231 3490 Maro.
1242 3437 1266 3501 5,
1278 3434 1377 3489 25-34

275 3569 291 3619 2
310 3569 401 3622 tenuit
425 3569 546 3623 centurio
565 3571 594 3623 in
620 3570 782 3640 dignitatem
802 3571 863 3640 (om.
883 3573 925 3639 ut)
949 3571 992 3626 Gb
1013 3527 1193 3640 iudignitatem
1212 3569 1252 3637 (iu
1270 3584 1290 3622 a.
1311 3568 1327 3622 t.
1345 3583 1375 3618 m.

241 3658 272 3723 2)
289 3657 318 3712 R
389 3675 441 3728 quo
463 3658 490 3712 G
556 3659 722 3713 3uirtutem
741 3677 818 3715 suam
837 3660 1006 3715 mitteretG
1072 3661 1139 3712 tet
1156 3675 1212 3712 non
1229 3657 1292 3710 fort.
1309 3655 1375 3710 RBv

236 3746 526 3815 betnonsap.RBob
563 3747 756 3802 11uidcrat13
793 3749 826 3802 13
841 3747 1026 3818 sedpudorG
1064 3748 1097 3802 15
1108 3745 1236 3801 etom.G
1268 3745 1301 3798 16
1311 3745 1373 3797 uest.

240 3835 297 3887 eius
310 3835 353 3888 Gb
418 3833 489 3890 fiete
505 3838 585 3902 (corr.
600 3835 704 3904 Gocbl.)
760 3838 793 3891 17
803 3838 900 3906 tetigit
910 3853 960 3891 om.
970 3836 1042 3891 Rau
1105 3851 1154 3889 nec
1165 3833 1290 3898 causaB,
1301 3837 1372 3902 (corr.

239 3967 273 4002 m.
293 3953 313 4003 2
331 3951 417 4005 deleto
432 3955 456 4017 c)
474 3950 500 4005 G
536 3952 571 4006 20
590 3919 761 4021 codprimunt
781 3960 852 4019 (ms.
868 3953 931 4006 tm.
947 3951 1019 4020 2)R
1055 3951 1089 4004 22
1108 3949 1239 4019 inquitG
1292 3947 1373 4002 sentio

239 4039 310 4090 enim
327 4038 353 4092 G
436 4039 471 4093 23
486 4041 525 4109 se]
539 4041 616 4094 sicB
705 4044 829 4094 sanatam
844 4040 887 4095 Gb
972 4039 1172 4109 transpicit
1187 4037 1214 4092 G
1285 4037 1319 4090 25
1332 4034 1374 4089 sed

235 4144 289 4181 ona
304 4127 330 4180 G
428 4132 535 4182 tantum
553 4134 684 4200 quantum
704 4130 757 4183 sibi
774 4130 938 4200 presumpsit
957 4129 1042 4198 exigit
1054 4128 1113 4199 (sic)
1126 4128 1160 4193 G,
1173 4131 1282 4182 tantum
1296 4142 1374 4197 quan·

238 4218 323 4270 tumb
413 4218 448 4273 26
468 4220 633 4289 accipientis]
654 4235 724 4288 quae
733 4219 873 4286 occeptum
881 4220 912 4272 ia
924 4218 950 4272 G
959 4219 995 4272 Et
1004 4223 1035 4271 ut
1045 4218 1090 4271 uel
1100 4233 1251 4270 sero-non
1262 4214 1374 4287 oportuit

235 4309 305 4360 rnon'
320 4308 370 4361 boc
385 4309 443 4362 loco
452 4326 510 4363 noa
517 4308 681 4378 probabilia
694 4309 725 4361 ta
738 4309 819 4374 stoma
836 4307 900 4361 la'brt
913 4307 937 4360 V
951 4307 1122 4381 transposuit
1136 4307 1221 4374 Dap,
1232 4321 1282 4359 om.
1292 4303 1373 4358 aaut
