3148 5020
289 431 379 497 XLII
757 429 976 486 Praefatio.

333 626 401 716 lam
415 644 491 692 uero
507 622 633 691 codices
647 626 770 692 induas
782 625 945 692 discedere
959 626 1099 693 familiae
1114 645 1222 694 eruere
1237 628 1436 708 conabamur,

288 735 383 817 prout
401 733 612 817 cogitationes
632 733 746 799 seriem
765 734 995 800 sententiarum
1009 735 1242 818 uerborumque
1257 735 1437 802 collocatio·

288 859 361 904 nem
382 839 508 923 ‘aliaque
531 840 693 924 praebent,
723 841 839 924 quibus
863 841 1001 926 genuina
1022 841 1176 908 librorum
1199 841 1356 908 confectio
1386 841 1436 906 de·

286 946 446 1026 scribitur,
487 949 541 1010 aut
580 945 702 1026 addita,
738 945 946 1032 amplificata,
987 950 1143 1026 correcta,
1187 965 1268 1030 quae
1305 948 1436 1014 alteram

288 1053 451 1137 scriptoris
488 1065 616 1136 operam
653 1053 795 1120 redolere
825 1054 984 1122 uidentur.
1021 1054 1111 1119 illam
1139 1054 1294 1120 familiam
1316 1072 1436 1138 reprae-

288 1161 415 1225 sentant
437 1159 520 1224 ARB
545 1159 681 1239 codices,
711 1160 828 1243 quihus
857 1159 1117 1244 quamproxime
1145 1158 1269 1224 accedit
1292 1159 1435 1225 Cusanus

286 1267 369 1332 liber
396 1265 545 1332 editionis
576 1266 728 1350 principis
758 1266 1010 1345 fundamentum,
1041 1266 1081 1330 ad
1107 1266 1189 1331 hanc
1222 1267 1359 1332 classem
1389 1285 1435 1330 re-

150 1365 153 1376 '
286 1373 431 1438 feruntur
469 1371 554 1439 Poe
590 1373 727 1438 codices.
772 1391 845 1440 curn
881 1391 969 1451 nero,
1005 1375 1044 1438 ut
1075 1391 1170 1455 supra
1200 1373 1274 1452 dixi,
1310 1374 1434 1438 tantm

287 1479 381 1557 absit,
406 1481 443 1544 ut
465 1482 570 1544 totum
590 1477 728 1561 Optatus
751 1499 832 1563 opus
857 1499 951 1546 suum
975 1479 1160 1557 excusserit,
1184 1479 1276 1543 utin
1301 1479 1434 1563 singulis

286 1586 429 1670 partibus
444 1604 563 1650 naeuos
578 1585 734 1669 quosdam
749 1586 928 1667 sustulerit,
943 1586 1006 1650 alia
1020 1586 1112 1668 quasi
1126 1584 1255 1652 dissona
1263 1585 1433 1668 reliquerit,

286 1692 388 1758 inulta
420 1711 485 1758 suo
510 1711 653 1776 quaeque
684 1695 757 1760 loco
789 1693 979 1759 inculcanda
1011 1693 1216 1778 congesserit,
1250 1692 1367 1776 quibus
1399 1711 1434 1757 ex

286 1799 412 1864 laciniis
425 1799 506 1865 liber
519 1799 575 1865 ille
585 1800 742 1885 septimus
757 1803 902 1866 constare
912 1799 1051 1878 uidetur,
1066 1819 1128 1866 non
1139 1799 1284 1883 estquod
1293 1798 1432 1878 doceam,

286 1911 478 1991 quantopere
508 1906 552 1972 sit
578 1925 764 1991 permensum
794 1907 835 1972 ad
867 1905 968 1974 unius¹
993 1906 1194 1974 solummodo
1225 1906 1344 1972 codicis
1375 1906 1434 1970 etsi

284 2013 463 2096 perantiqui
492 2012 588 2078 fidem
612 2013 735 2097 exigere
763 2033 880 2080 nouam
905 2013 1087 2080 editionem.
1116 2014 1149 2078 in
1180 2013 1306 2078 duobus
1335 2013 1434 2098 igitur

284 2119 395 2202 primis
413 2119 504 2184 libris
519 2119 777 2203 Petropolitanus
796 2121 983 2202 praesertim
998 2139 1072 2186 cum
1087 2119 1116 2187 G
1131 2120 1243 2186 codice
1258 2137 1432 2187 consonans

286 2225 405 2290 criseas
418 2221 662 2290 fundamentum
682 2231 744 2304 est3
765 2227 878 2293 alibro
897 2227 993 2294 tertio
1013 2246 1115 2311 usque
1135 2226 1284 2292 adfinem
1298 2228 1432 2293 auctori-

284 2334 384 2396 tatem
405 2332 563 2415 fidemque
585 2333 668 2397 inter
691 2351 724 2398 se
747 2335 777 2399 ll
799 2338 831 2400 et
854 2333 883 2401 G
907 2334 1033 2400 codices
1057 2334 1298 2417 dispertiuntur,
1321 2334 1369 2398 ita
1397 2337 1433 2398 ut

286 2439 435 2506 omnibns
453 2441 487 2506 in
505 2441 596 2520 locis,
620 2440 676 2505 ubi
700 2442 885 2526 scriptorem
905 2443 1025 2526 optimo
1044 2443 1111 2508 iure
1130 2441 1298 2507 addentem
1318 2459 1432 2524 augen-

284 2549 350 2639 tem
372 2547 592 2630 corrigentem,
620 2547 767 2630 inprimis
794 2548 828 2613 in
849 2547 1024 2631 scripturae
1052 2566 1160 2612 sacrae
1182 2547 1274 2626 locis,
1299 2545 1434 2611 dininari
1532 2533 1536 2542 ’

283 2651 370 2728 licet,
384 2653 539 2718 lectiones
556 2651 648 2718 Guel
659 2651 715 2718 OG
725 2652 871 2718 codicum
885 2659 1005 2736 priores
1019 2655 1126 2735 portes
1141 2672 1234 2738 agere
1245 2655 1432 2718 mereantur.

284 2757 521 2824 Aurelianensis
545 2777 572 2826 s.
594 2763 644 2824 est
664 2758 760 2824 nimis
778 2760 962 2837 lacunosus,
982 2760 1175 2824 Balunianus
1191 2759 1268 2824 adeo
1289 2779 1350 2824 non
1364 2777 1433 2842 pro·

283 2863 372 2946 prius
397 2866 429 2928 et
453 2883 541 2943 suus,
564 2867 602 2930 ut
623 2865 703 2930 nihil
724 2865 845 2930 faciant
867 2864 906 2930 ad
930 2866 1144 2931 emendandos
1167 2866 1277 2932 libros.
1301 2883 1382 2949 quae
1407 2863 1434 2928 si

284 2970 331 3034 ita
352 2972 438 3049 sunt,
460 2989 521 3036 non
546 2971 651 3036 omnia
673 2972 713 3036 ad
738 2991 878 3057 unguem
902 2975 1157 3057 explanataesso
1177 2973 1263 3038 haud
1287 2971 1433 3054 equidem

284 3076 481 3160 negaue1im3
512 3079 654 3143 'attamen
687 3098 735 3143 ne
759 3079 804 3144 sis
837 3079 978 3162 iniquus,
1010 3079 1171 3145 limatiora
1203 3079 1269 3145 noli
1297 3096 1432 3163 sperare,

286 3200 381 3264 quam
406 3201 485 3264 quae
506 3183 668 3267 scriptoris
686 3203 800 3250 manus
820 3186 880 3251 etsi
905 3187 1123 3270 compluribus
1137 3187 1170 3251 in
1187 3186 1268 3251 locis
1288 3185 1433 3250 emenda·

285 3291 358 3352 tura
381 3289 474 3354 nobis
497 3291 638 3356 tradidit.

214 3379 269 3471 „³4
329 3395 375 3459 Er
393 3394 534 3461 uirorum
554 3397 719 3463 doctorum
738 3418 881 3478 numero,
907 3400 961 3483 qui
984 3399 1197 3483 perpoliendis
1217 3397 1326 3484 Optati
1343 3397 1434 3462 libris

282 3521 338 3585 pro
363 3521 422 3567 suo
452 3502 585 3586 quisque
609 3504 740 3570 modulo
773 3525 901 3589 operam
931 3510 1130 3572 naueuenmt
1155 3526 1256 3572 nouas
1280 3506 1433 3571 editiones

282 3611 499 3692 procurantes,
531 3615 596 3676 tres
626 3612 834 3694 potissimum
864 3613 1009 3696 pluribus
1039 3614 1146 3679 uerbis
1177 3613 1291 3679 adferri
1321 3630 1433 3694 operae

282 3715 420 3797 pretium
438 3715 580 3783 uidetur:
602 3716 841 3799 Oocblaeum,
861 3720 1100 3798 Balduinum,
1120 3719 1338 3803 Dupinium,
1358 3737 1432 3801 quo·

282 3839 353 3884 rum
381 3824 485 3888 aetate
514 3823 660 3906 princeps
689 3825 826 3909 primam
855 3823 964 3910 Optati
995 3826 1166 3891 editionem
1190 3845 1218 3890 a.
1243 3827 1330 3890 1549
1361 3824 1433 3890 sub·

239 3918 261 3982 'v
285 3928 419 3992 ornauit.
448 3929 611 3996 lohannes
636 3930 814 3996 Cochlaeus
838 3932 1009 3996 canonicus
1031 3932 1094 3998 fuit
1117 3931 1378 3998 Uratislauiensis
1401 3931 1432 3994 in

283 4034 418 4098 ecclesia
428 4035 612 4116 cathedrali,
624 4038 678 4119 qni
689 4057 763 4103 cum
772 4037 855 4102 inter
867 4038 946 4102 belli
961 4037 1264 4104 schmalkaldiensis
1273 4040 1432 4104 tumultus

282 4139 315 4204 in
340 4139 475 4205 conradi
497 4143 596 4207 Bruni
625 4143 663 4208 de
686 4143 855 4209 haereticis
888 4144 987 4210 libros
1011 4163 1065 4209 sex
1089 4163 1215 4210 summa
1244 4164 1306 4229 qua
1328 4143 1434 4228 potuit

284 4245 451 4330 diligentia
473 4248 628 4328 incubuit,
661 4237 770 4334 Optati
793 4251 892 4316 libros
924 4251 1063 4316 edendos
1095 4251 1238 4334 suscepit
1267 4251 1431 4334 editosque

284 4353 471 4418 monasterii
494 4355 526 4419 i'n
550 4356 704 4441 Tongerlo
728 4358 835 4423 abbati
858 4357 998 4422 Arnoldo
1023 4358 1184 4424 dedicauit
1206 4359 1266 4424 hac
1288 4356 1431 4442 inprimis
