<?xml version="1.0" encoding="UTF-8"?>
<!DOCTYPE html PUBLIC "-//W3C//DTD XHTML 1.0 Transitional//EN"
    "http://www.w3.org/TR/xhtml1/DTD/xhtml1-transitional.dtd">
<html xmlns="http://www.w3.org/1999/xhtml" xml:lang="en" lang="en">
 <head>
  <title>
</title>
<meta http-equiv="Content-Type" content="text/html;charset=utf-8" />
  <meta name='ocr-system' content='tesseract 3.04.00' />
  <meta name='ocr-capabilities' content='ocr_page ocr_carea ocr_par ocr_line ocrx_word'/>
</head>
<body>
  <div class='ocr_page' id='page_1' title='image "./corpusscriptoru11wissgoog_0088.png"; bbox 0 0 3148 5020; ppageno 0'>
   <div class='ocr_carea' id='block_1_1' title="bbox 277 473 1075 544">
    <p class='ocr_par' dir='ltr' id='par_1_1' title="bbox 277 473 1075 544">
     <span class='ocr_line' id='line_1_1' title="bbox 277 473 1075 544; baseline -0.005 -14"><span class='ocrx_word' id='word_1_1' title='bbox 277 479 320 542; x_wconf 86' lang='lat'>38</span> <span class='ocrx_word' id='word_1_2' title='bbox 619 475 645 528; x_wconf 89' lang='lat' dir='ltr'>S.</span> <span class='ocrx_word' id='word_1_3' title='bbox 674 473 815 544; x_wconf 76' lang='lat' dir='ltr'>Optasti</span> <span class='ocrx_word' id='word_1_4' title='bbox 842 473 1075 527; x_wconf 83' lang='lat' dir='ltr'>Mileuitani</span> 
     </span>
    </p>
   </div>
   <div class='ocr_carea' id='block_1_2' title="bbox 277 666 1463 2458">
    <p class='ocr_par' dir='ltr' id='par_1_2' title="bbox 277 666 1463 2458">
     <span class='ocr_line' id='line_1_2' title="bbox 277 666 1421 751; baseline 0.001 -18"><span class='ocrx_word' id='word_1_5' title='bbox 277 669 397 746; x_wconf 70' lang='lat' dir='ltr'>sedeat,</span> <span class='ocrx_word' id='word_1_6' title='bbox 420 668 578 751; x_wconf 90' lang='lat' dir='ltr'>numquid</span> <span class='ocrx_word' id='word_1_7' title='bbox 594 670 703 751; x_wconf 89' lang='lat' dir='ltr'>potest</span> <span class='ocrx_word' id='word_1_8' title='bbox 721 667 835 745; x_wconf 77' lang='lat' dir='ltr'>dicere,</span> <span class='ocrx_word' id='word_1_9' title='bbox 855 667 887 731; x_wconf 93' lang='lat' dir='ltr'>in</span> <span class='ocrx_word' id='word_1_10' title='bbox 907 666 1057 732; x_wconf 75' lang='lat' dir='ltr'>cathedra</span> <span class='ocrx_word' id='word_1_11' title='bbox 1074 667 1186 730; x_wconf 83' lang='lat' dir='ltr'>Patri?</span> <span class='ocrx_word' id='word_1_12' title='bbox 1206 686 1301 749; x_wconf 89' lang='lat' dir='ltr'>quam</span> <span class='ocrx_word' id='word_1_13' title='bbox 1319 669 1421 734; x_wconf 88' lang='lat' dir='ltr'>nescio</span> 
     </span>
     <span class='ocr_line' id='line_1_3' title="bbox 280 773 1423 858; baseline -0.003 -17"><span class='ocrx_word' id='word_1_14' title='bbox 280 777 308 841; x_wconf 93' lang='lat' dir='ltr'>si</span> <span class='ocrx_word' id='word_1_15' title='bbox 331 777 386 840; x_wconf 88' lang='lat' dir='ltr'>uel</span> <span class='ocrx_word' id='word_1_16' title='bbox 410 775 512 841; x_wconf 90' lang='lat' dir='ltr'>oculis</span> <span class='ocrx_word' id='word_1_17' title='bbox 536 775 626 840; x_wconf 85' lang='lat' dir='ltr'>nouit</span> <span class='ocrx_word' id='word_1_18' title='bbox 649 778 682 839; x_wconf 91' lang='lat' dir='ltr'>et</span> <span class='ocrx_word' id='word_1_19' title='bbox 705 774 745 839; x_wconf 92' lang='lat' dir='ltr'>ad</span> <span class='ocrx_word' id='word_1_20' title='bbox 769 773 861 839; x_wconf 89' lang='lat' dir='ltr'>cuius</span> <span class='ocrx_word' id='word_1_21' title='bbox 883 774 1070 839; x_wconf 81' lang='lat' dir='ltr'>memoriam</span> <span class='ocrx_word' id='word_1_22' title='bbox 1093 793 1156 837; x_wconf 85' lang='lat' dir='ltr'>ron</span> <span class='ocrx_word' id='word_1_23' title='bbox 1185 774 1308 838; x_wconf 87' lang='lat' dir='ltr'>accedit</span> <span class='ocrx_word' id='word_1_24' title='bbox 1334 776 1423 858; x_wconf 84' lang='lat' dir='ltr'>quasi</span> 
     </span>
     <span class='ocr_line' id='line_1_4' title="bbox 279 880 1421 964; baseline -0.002 -16"><span class='ocrx_word' id='word_1_25' title='bbox 279 883 485 949; x_wconf 74' lang='lat' dir='ltr'>scismaticus</span> <span class='ocrx_word' id='word_1_26' title='bbox 517 885 626 947; x_wconf 88' lang='lat' dir='ltr'>contra</span> <span class='ocrx_word' id='word_1_27' title='bbox 659 882 839 964; x_wconf 90' lang='lat' dir='ltr'>apostolum</span> <span class='ocrx_word' id='word_1_28' title='bbox 872 880 1007 958; x_wconf 81' lang='lat' dir='ltr'>faciens,</span> <span class='ocrx_word' id='word_1_29' title='bbox 1046 881 1101 964; x_wconf 90' lang='lat' dir='ltr'>qui</span> <span class='ocrx_word' id='word_1_30' title='bbox 1134 881 1198 946; x_wconf 88' lang='lat' dir='ltr'>ait:</span> <span class='ocrx_word' id='word_1_31' title='bbox 1234 882 1421 946; x_wconf 91' lang='lat' dir='ltr'>memoriis</span> 
     </span>
     <span class='ocr_line' id='line_1_5' title="bbox 278 989 1421 1071; baseline -0.003 -15"><span class='ocrx_word' id='word_1_32' title='bbox 278 993 498 1056; x_wconf 88' lang='lat' dir='ltr'>sanctorum</span> <span class='ocrx_word' id='word_1_33' title='bbox 522 989 856 1055; x_wconf 88' lang='lat' dir='ltr'>communicantes.</span> <span class='ocrx_word' id='word_1_34' title='bbox 882 1006 954 1052; x_wconf 89' lang='lat' dir='ltr'>ecoe</span> <span class='ocrx_word' id='word_1_35' title='bbox 978 992 1160 1071; x_wconf 87' lang='lat' dir='ltr'>praesentes</span> <span class='ocrx_word' id='word_1_36' title='bbox 1185 992 1260 1054; x_wconf 87' lang='lat' dir='ltr'>sunt</span> <span class='ocrx_word' id='word_1_37' title='bbox 1282 989 1327 1052; x_wconf 90' lang='lat' dir='ltr'>ibi</span> <span class='ocrx_word' id='word_1_38' title='bbox 1350 989 1421 1054; x_wconf 84' lang='lat' dir='ltr'>duo·</span> 
     </span>
     <span class='ocr_line' id='line_1_6' title="bbox 279 1093 1457 1179; baseline -0.003 -19"><span class='ocrx_word' id='word_1_39' title='bbox 279 1117 352 1160; x_wconf 92' lang='lat' dir='ltr'>rum</span> <span class='ocrx_word' id='word_1_40' title='bbox 375 1095 547 1160; x_wconf 91' lang='lat' dir='ltr'>memoriae</span> <span class='ocrx_word' id='word_1_41' title='bbox 570 1095 797 1178; x_wconf 89' lang='lat' dir='ltr'>apostolorum.</span> <span class='ocrx_word' id='word_1_42' title='bbox 832 1093 938 1170; x_wconf 83' lang='lat' dir='ltr'>dicite,</span> <span class='ocrx_word' id='word_1_43' title='bbox 967 1095 996 1158; x_wconf 90' lang='lat' dir='ltr'>si</span> <span class='ocrx_word' id='word_1_44' title='bbox 1024 1094 1063 1158; x_wconf 85' lang='lat' dir='ltr'>ad</span> <span class='ocrx_word' id='word_1_45' title='bbox 1090 1094 1148 1160; x_wconf 90' lang='lat' dir='ltr'>bas</span> <span class='ocrx_word' id='word_1_46' title='bbox 1175 1095 1299 1179; x_wconf 81' lang='lat' dir='ltr'>ingredi</span> <span class='ocrx_word' id='word_1_47' title='bbox 1322 1095 1457 1177; x_wconf 72' lang='lat' dir='ltr'>potuits</span> 
     </span>
     <span class='ocr_line' id='line_1_7' title="bbox 280 1200 1421 1285; baseline 0 -19"><span class='ocrx_word' id='word_1_48' title='bbox 280 1207 336 1266; x_wconf 90' lang='lat' dir='ltr'>aut</span> <span class='ocrx_word' id='word_1_49' title='bbox 360 1202 478 1268; x_wconf 87' lang='lat' dir='ltr'>obtulit</span> <span class='ocrx_word' id='word_1_50' title='bbox 500 1201 578 1276; x_wconf 91' lang='lat' dir='ltr'>illic,</span> <span class='ocrx_word' id='word_1_51' title='bbox 603 1200 659 1264; x_wconf 90' lang='lat' dir='ltr'>ubi</span> <span class='ocrx_word' id='word_1_52' title='bbox 682 1203 866 1265; x_wconf 87' lang='lat' dir='ltr'>sanctorum</span> <span class='ocrx_word' id='word_1_53' title='bbox 889 1202 1059 1265; x_wconf 87' lang='lat' dir='ltr'>memorias</span> <span class='ocrx_word' id='word_1_54' title='bbox 1084 1219 1153 1265; x_wconf 87' lang='lat' dir='ltr'>esso</span> <span class='ocrx_word' id='word_1_55' title='bbox 1183 1204 1317 1266; x_wconf 90' lang='lat' dir='ltr'>constat.</span> <span class='ocrx_word' id='word_1_56' title='bbox 1351 1221 1421 1285; x_wconf 88' lang='lat' dir='ltr'>ergo</span> 
     </span>
     <span class='ocr_line' id='line_1_8' title="bbox 279 1306 1423 1385; baseline -0.002 -13"><span class='ocrx_word' id='word_1_57' title='bbox 279 1310 390 1385; x_wconf 77' lang='lat' dir='ltr'>restat,</span> <span class='ocrx_word' id='word_1_58' title='bbox 414 1310 452 1370; x_wconf 90' lang='lat' dir='ltr'>ut</span> <span class='ocrx_word' id='word_1_59' title='bbox 474 1307 612 1370; x_wconf 90' lang='lat' dir='ltr'>fateatur</span> <span class='ocrx_word' id='word_1_60' title='bbox 635 1306 742 1371; x_wconf 89' lang='lat' dir='ltr'>socius</span> <span class='ocrx_word' id='word_1_61' title='bbox 766 1308 875 1371; x_wconf 89' lang='lat' dir='ltr'>uester</span> <span class='ocrx_word' id='word_1_62' title='bbox 897 1307 1079 1372; x_wconf 89' lang='lat' dir='ltr'>Macrobius</span> <span class='ocrx_word' id='word_1_63' title='bbox 1104 1326 1138 1370; x_wconf 90' lang='lat' dir='ltr'>se</span> <span class='ocrx_word' id='word_1_64' title='bbox 1161 1307 1207 1371; x_wconf 92' lang='lat' dir='ltr'>ibi</span> <span class='ocrx_word' id='word_1_65' title='bbox 1230 1307 1348 1385; x_wconf 84' lang='lat' dir='ltr'>sedere,</span> <span class='ocrx_word' id='word_1_66' title='bbox 1371 1307 1423 1370; x_wconf 94' lang='lat' dir='ltr'>ubi</span> 
     </span>
     <span class='ocr_line' id='line_1_9' title="bbox 281 1413 1422 1498; baseline -0.002 -20"><span class='ocrx_word' id='word_1_67' title='bbox 281 1414 450 1498; x_wconf 87' lang='lat' dir='ltr'>aliquando</span> <span class='ocrx_word' id='word_1_68' title='bbox 485 1414 568 1478; x_wconf 87' lang='lat' dir='ltr'>sedit</span> <span class='ocrx_word' id='word_1_69' title='bbox 594 1413 788 1496; x_wconf 81' lang='lat' dir='ltr'>Encolpius3</span> <span class='ocrx_word' id='word_1_70' title='bbox 823 1413 850 1478; x_wconf 91' lang='lat' dir='ltr'>si</span> <span class='ocrx_word' id='word_1_71' title='bbox 879 1420 912 1478; x_wconf 92' lang='lat' dir='ltr'>et</span> <span class='ocrx_word' id='word_1_72' title='bbox 939 1413 1008 1496; x_wconf 90' lang='lat' dir='ltr'>ipse</span> <span class='ocrx_word' id='word_1_73' title='bbox 1036 1413 1210 1495; x_wconf 83' lang='lat' dir='ltr'>Encolpius</span> <span class='ocrx_word' id='word_1_74' title='bbox 1241 1414 1422 1498; x_wconf 89' lang='lat' dir='ltr'>interrogari</span> 
     </span>
     <span class='ocr_line' id='line_1_10' title="bbox 279 1519 1463 1604; baseline 0.003 -17"><span class='ocrx_word' id='word_1_75' title='bbox 279 1525 400 1604; x_wconf 82' lang='lat' dir='ltr'>posset,</span> <span class='ocrx_word' id='word_1_76' title='bbox 427 1521 546 1586; x_wconf 86' lang='lat' dir='ltr'>diceret</span> <span class='ocrx_word' id='word_1_77' title='bbox 569 1541 603 1586; x_wconf 91' lang='lat' dir='ltr'>se</span> <span class='ocrx_word' id='word_1_78' title='bbox 626 1521 672 1585; x_wconf 92' lang='lat' dir='ltr'>ibi</span> <span class='ocrx_word' id='word_1_79' title='bbox 696 1521 816 1600; x_wconf 86' lang='lat' dir='ltr'>sedere,</span> <span class='ocrx_word' id='word_1_80' title='bbox 840 1519 897 1584; x_wconf 91' lang='lat' dir='ltr'>ubi</span> <span class='ocrx_word' id='word_1_81' title='bbox 921 1523 993 1584; x_wconf 86' lang='lat' dir='ltr'>ente</span> <span class='ocrx_word' id='word_1_82' title='bbox 1022 1519 1106 1584; x_wconf 88' lang='lat' dir='ltr'>sedit</span> <span class='ocrx_word' id='word_1_83' title='bbox 1127 1519 1307 1584; x_wconf 81' lang='lat' dir='ltr'>Bonifatius</span> <span class='ocrx_word' id='word_1_84' title='bbox 1331 1520 1421 1584; x_wconf 91' lang='lat' dir='ltr'>Balli—</span> <span class='ocrx_word' id='word_1_85' title='bbox 1461 1587 1463 1590; x_wconf 84' lang='lat'>.</span> 
     </span>
     <span class='ocr_line' id='line_1_11' title="bbox 279 1626 1456 1712; baseline -0.002 -21"><span class='ocrx_word' id='word_1_86' title='bbox 279 1631 392 1704; x_wconf 79' lang='lat' dir='ltr'>tanus3</span> <span class='ocrx_word' id='word_1_87' title='bbox 418 1628 532 1692; x_wconf 89' lang='lat' dir='ltr'>deinde</span> <span class='ocrx_word' id='word_1_88' title='bbox 561 1628 589 1692; x_wconf 94' lang='lat' dir='ltr'>si</span> <span class='ocrx_word' id='word_1_89' title='bbox 618 1630 651 1692; x_wconf 85' lang='lat' dir='ltr'>et</span> <span class='ocrx_word' id='word_1_90' title='bbox 672 1627 741 1712; x_wconf 88' lang='lat' dir='ltr'>ipse</span> <span class='ocrx_word' id='word_1_91' title='bbox 764 1627 952 1710; x_wconf 87' lang='lat' dir='ltr'>intenogari</span> <span class='ocrx_word' id='word_1_92' title='bbox 974 1629 1094 1710; x_wconf 81' lang='lat' dir='ltr'>posset,</span> <span class='ocrx_word' id='word_1_93' title='bbox 1115 1626 1244 1704; x_wconf 87' lang='lat' dir='ltr'>diceret,</span> <span class='ocrx_word' id='word_1_94' title='bbox 1268 1627 1324 1690; x_wconf 92' lang='lat' dir='ltr'>ubi</span> <span class='ocrx_word' id='word_1_95' title='bbox 1346 1627 1423 1691; x_wconf 86' lang='lat' dir='ltr'>sedit</span> <span class='ocrx_word' id='word_1_96' title='bbox 1437 1645 1456 1682; x_wconf 85' lang='lat' dir='ltr'>o</span> 
     </span>
     <span class='ocr_line' id='line_1_12' title="bbox 279 1732 1421 1815; baseline -0.003 -16"><span class='ocrx_word' id='word_1_97' title='bbox 279 1735 392 1800; x_wconf 88' lang='lat' dir='ltr'>Uictor</span> <span class='ocrx_word' id='word_1_98' title='bbox 420 1734 592 1800; x_wconf 65' lang='lat' dir='ltr'>(tarbensis</span> <span class='ocrx_word' id='word_1_99' title='bbox 621 1753 639 1798; x_wconf 90' lang='lat' dir='ltr'>a</span> <span class='ocrx_word' id='word_1_100' title='bbox 667 1734 784 1799; x_wconf 88' lang='lat' dir='ltr'>uestris</span> <span class='ocrx_word' id='word_1_101' title='bbox 812 1733 1000 1798; x_wconf 85' lang='lat' dir='ltr'>iamdudum</span> <span class='ocrx_word' id='word_1_102' title='bbox 1033 1732 1071 1798; x_wconf 88' lang='lat' dir='ltr'>de</span> <span class='ocrx_word' id='word_1_103' title='bbox 1099 1732 1207 1797; x_wconf 83' lang='lat' dir='ltr'>Africa</span> <span class='ocrx_word' id='word_1_104' title='bbox 1238 1733 1278 1796; x_wconf 89' lang='lat' dir='ltr'>ad</span> <span class='ocrx_word' id='word_1_105' title='bbox 1308 1751 1421 1815; x_wconf 92' lang='lat' dir='ltr'>paucos</span> 
     </span>
     <span class='ocr_line' id='line_1_13' title="bbox 279 1840 1421 1924; baseline -0.001 -20"><span class='ocrx_word' id='word_1_106' title='bbox 279 1841 431 1906; x_wconf 89' lang='lat' dir='ltr'>erraticos</span> <span class='ocrx_word' id='word_1_107' title='bbox 464 1842 594 1906; x_wconf 90' lang='lat' dir='ltr'>missus.</span> <span class='ocrx_word' id='word_1_108' title='bbox 633 1841 710 1924; x_wconf 86' lang='lat' dir='ltr'>quid</span> <span class='ocrx_word' id='word_1_109' title='bbox 742 1845 793 1906; x_wconf 89' lang='lat' dir='ltr'>cst</span> <span class='ocrx_word' id='word_1_110' title='bbox 815 1841 886 1918; x_wconf 86' lang='lat' dir='ltr'>boc,</span> <span class='ocrx_word' id='word_1_111' title='bbox 921 1841 1007 1922; x_wconf 91' lang='lat' dir='ltr'>quod</span> <span class='ocrx_word' id='word_1_112' title='bbox 1038 1859 1111 1923; x_wconf 91' lang='lat' dir='ltr'>pars</span> <span class='ocrx_word' id='word_1_113' title='bbox 1145 1842 1253 1904; x_wconf 89' lang='lat' dir='ltr'>uestra</span> <span class='ocrx_word' id='word_1_114' title='bbox 1285 1841 1318 1906; x_wconf 92' lang='lat' dir='ltr'>in</span> <span class='ocrx_word' id='word_1_115' title='bbox 1350 1840 1421 1904; x_wconf 86' lang='lat' dir='ltr'>urbe</span> 
     </span>
     <span class='ocr_line' id='line_1_14' title="bbox 278 1945 1422 2031; baseline -0.002 -20"><span class='ocrx_word' id='word_1_116' title='bbox 278 1948 379 2013; x_wconf 89' lang='lat' dir='ltr'>Roma</span> <span class='ocrx_word' id='word_1_117' title='bbox 403 1948 589 2031; x_wconf 89' lang='lat' dir='ltr'>episcopum</span> <span class='ocrx_word' id='word_1_118' title='bbox 618 1948 722 2012; x_wconf 92' lang='lat' dir='ltr'>ciuem</span> <span class='ocrx_word' id='word_1_119' title='bbox 750 1949 865 2012; x_wconf 87' lang='lat' dir='ltr'>babere</span> <span class='ocrx_word' id='word_1_120' title='bbox 894 1967 956 2012; x_wconf 93' lang='lat' dir='ltr'>non</span> <span class='ocrx_word' id='word_1_121' title='bbox 984 1947 1116 2029; x_wconf 85' lang='lat' dir='ltr'>potuit?</span> <span class='ocrx_word' id='word_1_122' title='bbox 1149 1947 1227 2031; x_wconf 89' lang='lat' dir='ltr'>quid</span> <span class='ocrx_word' id='word_1_123' title='bbox 1256 1951 1315 2025; x_wconf 84' lang='lat' dir='ltr'>est,</span> <span class='ocrx_word' id='word_1_124' title='bbox 1344 1945 1422 2029; x_wconf 91' lang='lat' dir='ltr'>quod</span> 
     </span>
     <span class='ocr_line' id='line_1_15' title="bbox 279 2054 1421 2140; baseline -0.003 -22"><span class='ocrx_word' id='word_1_125' title='bbox 279 2055 340 2120; x_wconf 88' lang='lat' dir='ltr'>toti</span> <span class='ocrx_word' id='word_1_126' title='bbox 354 2054 423 2118; x_wconf 82' lang='lat' dir='ltr'>Afri</span> <span class='ocrx_word' id='word_1_127' title='bbox 438 2059 471 2118; x_wconf 88' lang='lat' dir='ltr'>at</span> <span class='ocrx_word' id='word_1_128' title='bbox 485 2055 640 2140; x_wconf 85' lang='lat' dir='ltr'>peregrini</span> <span class='ocrx_word' id='word_1_129' title='bbox 660 2055 693 2119; x_wconf 91' lang='lat' dir='ltr'>in</span> <span class='ocrx_word' id='word_1_130' title='bbox 712 2056 769 2119; x_wconf 90' lang='lat' dir='ltr'>illa</span> <span class='ocrx_word' id='word_1_131' title='bbox 787 2055 918 2120; x_wconf 89' lang='lat' dir='ltr'>ciuitate</span> <span class='ocrx_word' id='word_1_132' title='bbox 938 2055 1000 2120; x_wconf 89' lang='lat' dir='ltr'>sibi</span> <span class='ocrx_word' id='word_1_133' title='bbox 1018 2055 1215 2120; x_wconf 87' lang='lat' dir='ltr'>successisse</span> <span class='ocrx_word' id='word_1_134' title='bbox 1233 2055 1421 2119; x_wconf 85' lang='lat' dir='ltr'>noscuntur?</span> 
     </span>
     <span class='ocr_line' id='line_1_16' title="bbox 281 2160 1458 2244; baseline -0.002 -20"><span class='ocrx_word' id='word_1_135' title='bbox 281 2182 343 2226; x_wconf 91' lang='lat' dir='ltr'>non</span> <span class='ocrx_word' id='word_1_136' title='bbox 368 2165 497 2244; x_wconf 88' lang='lat' dir='ltr'>apparet</span> <span class='ocrx_word' id='word_1_137' title='bbox 521 2162 624 2241; x_wconf 79' lang='lat' dir='ltr'>dolus,</span> <span class='ocrx_word' id='word_1_138' title='bbox 650 2182 712 2228; x_wconf 93' lang='lat' dir='ltr'>non</span> <span class='ocrx_word' id='word_1_139' title='bbox 736 2163 844 2241; x_wconf 86' lang='lat' dir='ltr'>factio,</span> <span class='ocrx_word' id='word_1_140' title='bbox 865 2181 945 2244; x_wconf 89' lang='lat' dir='ltr'>qnae</span> <span class='ocrx_word' id='word_1_141' title='bbox 969 2164 1071 2226; x_wconf 85' lang='lat' dir='ltr'>mater</span> <span class='ocrx_word' id='word_1_142' title='bbox 1095 2164 1145 2226; x_wconf 88' lang='lat' dir='ltr'>est</span> <span class='ocrx_word' id='word_1_143' title='bbox 1168 2161 1354 2227; x_wconf 81' lang='lat' dir='ltr'>scismatis?</span> <span class='ocrx_word' id='word_1_144' title='bbox 1381 2160 1422 2223; x_wconf 89' lang='lat' dir='ltr'>in·</span> <span class='ocrx_word' id='word_1_145' title='bbox 1438 2177 1458 2216; x_wconf 75' lang='lat'>1⁵</span> 
     </span>
     <span class='ocr_line' id='line_1_17' title="bbox 279 2266 1420 2351; baseline -0.002 -21"><span class='ocrx_word' id='word_1_146' title='bbox 279 2270 367 2332; x_wconf 88' lang='lat' dir='ltr'>terea</span> <span class='ocrx_word' id='word_1_147' title='bbox 389 2270 427 2331; x_wconf 91' lang='lat' dir='ltr'>ut</span> <span class='ocrx_word' id='word_1_148' title='bbox 450 2267 562 2333; x_wconf 87' lang='lat' dir='ltr'>Uictor</span> <span class='ocrx_word' id='word_1_149' title='bbox 586 2268 757 2335; x_wconf 83' lang='lat' dir='ltr'>Garbensis</span> <span class='ocrx_word' id='word_1_150' title='bbox 785 2269 860 2333; x_wconf 92' lang='lat' dir='ltr'>binc</span> <span class='ocrx_word' id='word_1_151' title='bbox 887 2269 973 2351; x_wconf 90' lang='lat' dir='ltr'>prior</span> <span class='ocrx_word' id='word_1_152' title='bbox 999 2269 1181 2332; x_wconf 85' lang='lat' dir='ltr'>mitteretur</span> <span class='ocrx_word' id='word_1_153' title='bbox 1207 2305 1244 2314; x_wconf 49' lang='grc' dir='ltr'><em>ν</em></span> <span class='ocrx_word' id='word_1_154' title='bbox 1272 2287 1333 2332; x_wconf 93' lang='lat' dir='ltr'>non</span> <span class='ocrx_word' id='word_1_155' title='bbox 1356 2266 1420 2330; x_wconf 88' lang='lat' dir='ltr'>dico</span> 
     </span>
     <span class='ocr_line' id='line_1_18' title="bbox 278 2371 1421 2458; baseline -0.003 -22"><span class='ocrx_word' id='word_1_156' title='bbox 278 2373 361 2457; x_wconf 89' lang='lat' dir='ltr'>lapis</span> <span class='ocrx_word' id='word_1_157' title='bbox 385 2374 418 2438; x_wconf 91' lang='lat' dir='ltr'>in</span> <span class='ocrx_word' id='word_1_158' title='bbox 441 2374 572 2453; x_wconf 81' lang='lat' dir='ltr'>fontem,</span> <span class='ocrx_word' id='word_1_159' title='bbox 598 2376 672 2458; x_wconf 89' lang='lat' dir='ltr'>quia</span> <span class='ocrx_word' id='word_1_160' title='bbox 694 2395 753 2440; x_wconf 87' lang='lat' dir='ltr'>neo</span> <span class='ocrx_word' id='word_1_161' title='bbox 781 2375 886 2440; x_wconf 90' lang='lat' dir='ltr'>ualuit</span> <span class='ocrx_word' id='word_1_162' title='bbox 913 2375 1086 2458; x_wconf 88' lang='lat' dir='ltr'>puritatem</span> <span class='ocrx_word' id='word_1_163' title='bbox 1116 2372 1292 2439; x_wconf 88' lang='lat' dir='ltr'>catholicae</span> <span class='ocrx_word' id='word_1_164' title='bbox 1320 2371 1421 2436; x_wconf 90' lang='lat' dir='ltr'>multi-</span> 
     </span>
    </p>
   </div>
   <div class='ocr_carea' id='block_1_3' title="bbox 177 2480 1422 2564">
    <p class='ocr_par' dir='ltr' id='par_1_3' title="bbox 177 2480 1422 2564">
     <span class='ocr_line' id='line_1_19' title="bbox 177 2480 1422 2564; baseline -0.001 -22"><span class='ocrx_word' id='word_1_165' title='bbox 177 2507 179 2511; x_wconf 95' lang='lat'>·</span> <span class='ocrx_word' id='word_1_166' title='bbox 279 2480 400 2546; x_wconf 89' lang='lat' dir='ltr'>tudinis</span> <span class='ocrx_word' id='word_1_167' title='bbox 423 2483 617 2563; x_wconf 87' lang='lat' dir='ltr'>perturbare,</span> <span class='ocrx_word' id='word_1_168' title='bbox 638 2481 694 2547; x_wconf 88' lang='lat' dir='ltr'>sed</span> <span class='ocrx_word' id='word_1_169' title='bbox 717 2482 792 2564; x_wconf 88' lang='lat' dir='ltr'>quia</span> <span class='ocrx_word' id='word_1_170' title='bbox 815 2481 1007 2564; x_wconf 85' lang='lat' dir='ltr'>quibusdam</span> <span class='ocrx_word' id='word_1_171' title='bbox 1026 2480 1112 2544; x_wconf 83' lang='lat' dir='ltr'>Afris</span> <span class='ocrx_word' id='word_1_172' title='bbox 1136 2481 1246 2545; x_wconf 90' lang='lat' dir='ltr'>urbica</span> <span class='ocrx_word' id='word_1_173' title='bbox 1268 2481 1422 2563; x_wconf 85' lang='lat' dir='ltr'>placuerat</span> 
     </span>
    </p>
   </div>
   <div class='ocr_carea' id='block_1_4' title="bbox 280 2585 1458 2884">
    <p class='ocr_par' dir='ltr' id='par_1_4' title="bbox 280 2585 1458 2884">
     <span class='ocr_line' id='line_1_20' title="bbox 283 2585 1420 2671; baseline -0.002 -20"><span class='ocrx_word' id='word_1_174' title='bbox 283 2588 492 2652; x_wconf 88' lang='lat' dir='ltr'>commoratio</span> <span class='ocrx_word' id='word_1_175' title='bbox 518 2591 550 2653; x_wconf 85' lang='lat' dir='ltr'>et</span> <span class='ocrx_word' id='word_1_176' title='bbox 572 2589 646 2653; x_wconf 89' lang='lat' dir='ltr'>hinc</span> <span class='ocrx_word' id='word_1_177' title='bbox 670 2607 688 2652; x_wconf 88' lang='lat' dir='ltr'>a</span> <span class='ocrx_word' id='word_1_178' title='bbox 710 2588 803 2653; x_wconf 89' lang='lat' dir='ltr'>uobis</span> <span class='ocrx_word' id='word_1_179' title='bbox 827 2588 962 2671; x_wconf 87' lang='lat' dir='ltr'>profecti</span> <span class='ocrx_word' id='word_1_180' title='bbox 985 2586 1241 2651; x_wconf 86' lang='lat' dir='ltr'>uidebantur-</span> <span class='ocrx_word' id='word_1_181' title='bbox 1264 2587 1327 2671; x_wconf 92' lang='lat' dir='ltr'>ipsi</span> <span class='ocrx_word' id='word_1_182' title='bbox 1348 2585 1420 2670; x_wconf 90' lang='lat' dir='ltr'>peti-</span> 
     </span>
     <span class='ocr_line' id='line_1_21' title="bbox 280 2693 1458 2784; baseline 0 -28"><span class='ocrx_word' id='word_1_183' title='bbox 280 2696 383 2770; x_wconf 76' lang='lat' dir='ltr'>erunt,</span> <span class='ocrx_word' id='word_1_184' title='bbox 407 2697 446 2758; x_wconf 92' lang='lat' dir='ltr'>ut</span> <span class='ocrx_word' id='word_1_185' title='bbox 468 2694 583 2776; x_wconf 90' lang='lat' dir='ltr'>aliquis</span> <span class='ocrx_word' id='word_1_186' title='bbox 606 2695 691 2773; x_wconf 85' lang='lat' dir='ltr'>hinc,</span> <span class='ocrx_word' id='word_1_187' title='bbox 716 2695 771 2777; x_wconf 94' lang='lat' dir='ltr'>qui</span> <span class='ocrx_word' id='word_1_188' title='bbox 793 2695 868 2759; x_wconf 93' lang='lat' dir='ltr'>illos</span> <span class='ocrx_word' id='word_1_189' title='bbox 893 2693 1076 2778; x_wconf 79' lang='lat' dir='ltr'>conligeret,</span> <span class='ocrx_word' id='word_1_190' title='bbox 1094 2694 1285 2759; x_wconf 86' lang='lat' dir='ltr'>mitteretur.</span> <span class='ocrx_word' id='word_1_191' title='bbox 1309 2693 1420 2784; x_wconf 88' lang='lat' dir='ltr'>missus</span> <span class='ocrx_word' id='word_1_192' title='bbox 1436 2706 1458 2744; x_wconf 80' lang='lat'>²⁰</span> 
     </span>
     <span class='ocr_line' id='line_1_22' title="bbox 283 2799 1418 2884; baseline -0.001 -21"><span class='ocrx_word' id='word_1_193' title='bbox 283 2803 333 2864; x_wconf 90' lang='lat' dir='ltr'>est</span> <span class='ocrx_word' id='word_1_194' title='bbox 351 2801 450 2884; x_wconf 89' lang='lat' dir='ltr'>igitur</span> <span class='ocrx_word' id='word_1_195' title='bbox 468 2801 598 2866; x_wconf 89' lang='lat' dir='ltr'>Uictor:</span> <span class='ocrx_word' id='word_1_196' title='bbox 623 2805 690 2866; x_wconf 89' lang='lat' dir='ltr'>erat</span> <span class='ocrx_word' id='word_1_197' title='bbox 712 2801 758 2865; x_wconf 92' lang='lat' dir='ltr'>ibi</span> <span class='ocrx_word' id='word_1_198' title='bbox 781 2802 867 2866; x_wconf 91' lang='lat' dir='ltr'>filius</span> <span class='ocrx_word' id='word_1_199' title='bbox 892 2802 960 2866; x_wconf 90' lang='lat' dir='ltr'>sine</span> <span class='ocrx_word' id='word_1_200' title='bbox 983 2804 1083 2884; x_wconf 78' lang='lat' dir='ltr'>patre,</span> <span class='ocrx_word' id='word_1_201' title='bbox 1103 2801 1164 2867; x_wconf 85' lang='lat' dir='ltr'>tiro</span> <span class='ocrx_word' id='word_1_202' title='bbox 1180 2801 1253 2868; x_wconf 87' lang='lat' dir='ltr'>sine</span> <span class='ocrx_word' id='word_1_203' title='bbox 1276 2799 1418 2883; x_wconf 88' lang='lat' dir='ltr'>principe.</span> 
     </span>
    </p>
   </div>
   <div class='ocr_carea' id='block_1_5' title="bbox 369 3051 596 3116">
    <p class='ocr_par' dir='ltr' id='par_1_5' title="bbox 369 3051 596 3116">
     <span class='ocr_line' id='line_1_23' title="bbox 369 3051 596 3116; baseline 0.004 -12"><span class='ocrx_word' id='word_1_204' title='bbox 369 3051 385 3104; x_wconf 84' lang='lat'>3</span> <span class='ocrx_word' id='word_1_205' title='bbox 403 3052 479 3104; x_wconf 88' lang='lat' dir='ltr'>Rom.</span> <span class='ocrx_word' id='word_1_206' title='bbox 499 3053 541 3116; x_wconf 76' lang='lat'>12,</span> <span class='ocrx_word' id='word_1_207' title='bbox 562 3052 596 3105; x_wconf 88' lang='grc'>13</span> 
     </span>
    </p>
   </div>
   <div class='ocr_carea' id='block_1_6' title="bbox 316 3201 1417 3271">
    <p class='ocr_par' dir='ltr' id='par_1_6' title="bbox 316 3201 1417 3271">
     <span class='ocr_line' id='line_1_24' title="bbox 316 3201 1417 3271; baseline -0.003 -15"><span class='ocrx_word' id='word_1_208' title='bbox 316 3204 328 3256; x_wconf 95' lang='lat' dir='ltr'>l</span> <span class='ocrx_word' id='word_1_209' title='bbox 359 3201 546 3270; x_wconf 69' lang='lat' dir='ltr'>caflfflthodra</span> <span class='ocrx_word' id='word_1_210' title='bbox 566 3202 592 3256; x_wconf 83' lang='lat' dir='ltr'><em>G</em></span> <span class='ocrx_word' id='word_1_211' title='bbox 613 3203 729 3269; x_wconf 84' lang='lat' dir='ltr'>(membr.</span> <span class='ocrx_word' id='word_1_212' title='bbox 753 3204 846 3270; x_wconf 80' lang='lat' dir='ltr'>spatio</span> <span class='ocrx_word' id='word_1_213' title='bbox 877 3207 894 3255; x_wconf 83' lang='grc'><strong><em>4</em></strong></span> <span class='ocrx_word' id='word_1_214' title='bbox 922 3203 967 3256; x_wconf 79' lang='lat' dir='ltr'>ael</span> <span class='ocrx_word' id='word_1_215' title='bbox 994 3206 1011 3256; x_wconf 87' lang='lat'><strong><em>5</em></strong></span> <span class='ocrx_word' id='word_1_216' title='bbox 1035 3203 1086 3257; x_wconf 76' lang='lat' dir='ltr'>zur.</span> <span class='ocrx_word' id='word_1_217' title='bbox 1101 3206 1262 3271; x_wconf 78' lang='lat' dir='ltr'>perforata)</span> <span class='ocrx_word' id='word_1_218' title='bbox 1336 3202 1417 3256; x_wconf 87' lang='lat' dir='ltr'>nescio</span> 
     </span>
    </p>
   </div>
   <div class='ocr_carea' id='block_1_7' title="bbox 278 3279 1493 4448">
    <p class='ocr_par' dir='ltr' id='par_1_7' title="bbox 278 3279 1493 4448">
     <span class='ocr_line' id='line_1_25' title="bbox 279 3279 1418 3388; baseline -0.003 -18"><span class='ocrx_word' id='word_1_219' title='bbox 279 3333 360 3386; x_wconf 76' lang='lat' dir='ltr'>quam</span> <span class='ocrx_word' id='word_1_220' title='bbox 379 3317 437 3370; x_wconf 76' lang='lat' dir='ltr'>sine</span> <span class='ocrx_word' id='word_1_221' title='bbox 455 3317 580 3370; x_wconf 74' lang='lat' dir='ltr'>roenna</span> <span class='ocrx_word' id='word_1_222' title='bbox 651 3318 670 3370; x_wconf 86' lang='lat'><strong>4</strong></span> <span class='ocrx_word' id='word_1_223' title='bbox 687 3317 737 3386; x_wconf 79' lang='lat' dir='ltr'>aer]</span> <span class='ocrx_word' id='word_1_224' title='bbox 755 3316 849 3372; x_wconf 78' lang='lat' dir='ltr'>truso</span> <span class='ocrx_word' id='word_1_225' title='bbox 912 3319 929 3370; x_wconf 80' lang='lat' dir='ltr'>a</span> <span class='ocrx_word' id='word_1_226' title='bbox 947 3318 1054 3387; x_wconf 62' lang='lat' dir='ltr'>angam</span> <span class='ocrx_word' id='word_1_227' title='bbox 1072 3279 1166 3388; x_wconf 63' lang='lat' dir='ltr'>point</span> <span class='ocrx_word' id='word_1_228' title='bbox 1187 3319 1218 3384; x_wconf 81' lang='lat' dir='ltr'>(u</span> <span class='ocrx_word' id='word_1_229' title='bbox 1236 3335 1315 3382; x_wconf 67' lang='lat' dir='ltr'>eras„</span> <span class='ocrx_word' id='word_1_230' title='bbox 1334 3321 1347 3370; x_wconf 76' lang='lat' dir='ltr'>a</span> <span class='ocrx_word' id='word_1_231' title='bbox 1363 3332 1383 3370; x_wconf 79' lang='lat' dir='ltr'>s.</span> <span class='ocrx_word' id='word_1_232' title='bbox 1402 3315 1418 3368; x_wconf 78' lang='grc' dir='ltr'>ι.</span> 
     </span>
     <span class='ocr_line' id='line_1_26' title="bbox 278 3405 1417 3478; baseline -0.002 -20"><span class='ocrx_word' id='word_1_233' title='bbox 278 3423 312 3459; x_wconf 81' lang='lat' dir='ltr'>ns.</span> <span class='ocrx_word' id='word_1_234' title='bbox 327 3409 357 3473; x_wconf 83' lang='lat'>2)</span> <span class='ocrx_word' id='word_1_235' title='bbox 373 3406 413 3459; x_wconf 85' lang='lat' dir='ltr'>ita</span> <span class='ocrx_word' id='word_1_236' title='bbox 431 3408 462 3459; x_wconf 85' lang='lat' dir='ltr'>ut</span> <span class='ocrx_word' id='word_1_237' title='bbox 481 3405 631 3472; x_wconf 83' lang='lat' dir='ltr'>obtulitR,</span> <span class='ocrx_word' id='word_1_238' title='bbox 650 3406 719 3475; x_wconf 90' lang='lat' dir='ltr'>ingr.</span> <span class='ocrx_word' id='word_1_239' title='bbox 740 3406 897 3475; x_wconf 70' lang='lat' dir='ltr'>potueitaut</span> <span class='ocrx_word' id='word_1_240' title='bbox 925 3407 1027 3476; x_wconf 84' lang='lat' dir='ltr'>optulit</span> <span class='ocrx_word' id='word_1_241' title='bbox 1039 3407 1074 3472; x_wconf 85' lang='lat' dir='ltr'>B,</span> <span class='ocrx_word' id='word_1_242' title='bbox 1103 3408 1173 3478; x_wconf 87' lang='lat' dir='ltr'>ingr.</span> <span class='ocrx_word' id='word_1_243' title='bbox 1200 3408 1308 3478; x_wconf 92' lang='lat' dir='ltr'>populi:</span> <span class='ocrx_word' id='word_1_244' title='bbox 1335 3409 1373 3460; x_wconf 82' lang='lat' dir='ltr'>ita</span> <span class='ocrx_word' id='word_1_245' title='bbox 1390 3408 1417 3457; x_wconf 88' lang='lat' dir='ltr'>ut</span> 
     </span>
     <span class='ocr_line' id='line_1_27' title="bbox 279 3492 1417 3565; baseline -0.002 -18"><span class='ocrx_word' id='word_1_246' title='bbox 279 3494 363 3549; x_wconf 82' lang='lat' dir='ltr'>obto</span> <span class='ocrx_word' id='word_1_247' title='bbox 384 3494 487 3560; x_wconf 80' lang='lat' dir='ltr'>(Oocbl.</span> <span class='ocrx_word' id='word_1_248' title='bbox 508 3500 572 3549; x_wconf 75' lang='lat' dir='ltr'>wrote</span> <span class='ocrx_word' id='word_1_249' title='bbox 593 3495 687 3565; x_wconf 90' lang='lat' dir='ltr'>populi</span> <span class='ocrx_word' id='word_1_250' title='bbox 709 3495 795 3548; x_wconf 73' lang='lat' dir='ltr'>imeri</span> <span class='ocrx_word' id='word_1_251' title='bbox 812 3495 887 3549; x_wconf 77' lang='lat' dir='ltr'>iubet</span> <span class='ocrx_word' id='word_1_252' title='bbox 906 3512 965 3549; x_wconf 88' lang='lat' dir='ltr'>cum</span> <span class='ocrx_word' id='word_1_253' title='bbox 983 3495 1130 3562; x_wconf 86' lang='lat' dir='ltr'>uiderunt),</span> <span class='ocrx_word' id='word_1_254' title='bbox 1151 3496 1242 3564; x_wconf 90' lang='lat' dir='ltr'>potuit</span> <span class='ocrx_word' id='word_1_255' title='bbox 1261 3496 1301 3549; x_wconf 86' lang='lat' dir='ltr'>ita</span> <span class='ocrx_word' id='word_1_256' title='bbox 1325 3503 1354 3548; x_wconf 90' lang='lat' dir='ltr'>ut</span> <span class='ocrx_word' id='word_1_257' title='bbox 1376 3492 1417 3546; x_wconf 92' lang='lat' dir='ltr'>ob-</span> 
     </span>
     <span class='ocr_line' id='line_1_28' title="bbox 278 3581 1417 3652; baseline -0.002 -17"><span class='ocrx_word' id='word_1_258' title='bbox 278 3581 413 3636; x_wconf 88' lang='lat' dir='ltr'>tuleritb</span> <span class='ocrx_word' id='word_1_259' title='bbox 512 3583 677 3636; x_wconf 85' lang='lat' dir='ltr'>6memoria</span> <span class='ocrx_word' id='word_1_260' title='bbox 707 3582 733 3636; x_wconf 81' lang='lat' dir='ltr'><strong><em>G</em></strong></span> <span class='ocrx_word' id='word_1_261' title='bbox 825 3584 970 3652; x_wconf 75' lang='lat' dir='ltr'>luester]</span> <span class='ocrx_word' id='word_1_262' title='bbox 997 3583 1161 3637; x_wconf 84' lang='lat' dir='ltr'>uidelicetv</span> <span class='ocrx_word' id='word_1_263' title='bbox 1251 3581 1417 3652; x_wconf 89' lang='lat' dir='ltr'>8encolpins</span> 
     </span>
     <span class='ocr_line' id='line_1_29' title="bbox 284 3671 1418 3742; baseline -0.002 -18"><span class='ocrx_word' id='word_1_264' title='bbox 284 3672 439 3742; x_wconf 80' lang='lat' dir='ltr'>(utrimque)</span> <span class='ocrx_word' id='word_1_265' title='bbox 453 3671 488 3734; x_wconf 88' lang='lat' dir='ltr'>B,</span> <span class='ocrx_word' id='word_1_266' title='bbox 503 3672 641 3741; x_wconf 89' lang='lat' dir='ltr'>enclopius</span> <span class='ocrx_word' id='word_1_267' title='bbox 658 3672 684 3726; x_wconf 76' lang='lat' dir='ltr'><em>G</em></span> <span class='ocrx_word' id='word_1_268' title='bbox 753 3676 781 3727; x_wconf 89' lang='lat' dir='ltr'>et</span> <span class='ocrx_word' id='word_1_269' title='bbox 799 3673 857 3742; x_wconf 87' lang='lat' dir='ltr'>ipse</span> <span class='ocrx_word' id='word_1_270' title='bbox 876 3672 940 3726; x_wconf 75' lang='lat' dir='ltr'>linc.</span> <span class='ocrx_word' id='word_1_271' title='bbox 960 3689 1011 3727; x_wconf 88' lang='lat' dir='ltr'>om.</span> <span class='ocrx_word' id='word_1_272' title='bbox 1025 3673 1053 3726; x_wconf 92' lang='lat' dir='ltr'><strong><em>P</em></strong></span> <span class='ocrx_word' id='word_1_273' title='bbox 1124 3672 1315 3742; x_wconf 80' lang='lat' dir='ltr'>Enclopius(ut</span> <span class='ocrx_word' id='word_1_274' title='bbox 1331 3686 1418 3739; x_wconf 78' lang='lat' dir='ltr'>supro,</span> 
     </span>
     <span class='ocr_line' id='line_1_30' title="bbox 278 3757 1418 3832; baseline -0.002 -18"><span class='ocrx_word' id='word_1_275' title='bbox 278 3761 408 3815; x_wconf 66' lang='lat' dir='ltr'>sodoma.</span> <span class='ocrx_word' id='word_1_276' title='bbox 423 3760 640 3828; x_wconf 48' lang='lat' dir='ltr'>respargit}</span> <span class='ocrx_word' id='word_1_277' title='bbox 677 3760 1020 3832; x_wconf 83' lang='lat' dir='ltr'>9possetinterrogariob</span> <span class='ocrx_word' id='word_1_278' title='bbox 1075 3760 1204 3831; x_wconf 81' lang='lat' dir='ltr'>potuitG</span> <span class='ocrx_word' id='word_1_279' title='bbox 1260 3757 1418 3815; x_wconf 77' lang='lat' dir='ltr'>anteumG</span> 
     </span>
     <span class='ocr_line' id='line_1_31' title="bbox 279 3845 1493 3918; baseline -0.003 -16"><span class='ocrx_word' id='word_1_280' title='bbox 279 3849 432 3902; x_wconf 75' lang='lat' dir='ltr'>Bonifatius</span> <span class='ocrx_word' id='word_1_281' title='bbox 456 3848 610 3904; x_wconf 87' lang='lat' dir='ltr'>Uallitanus</span> <span class='ocrx_word' id='word_1_282' title='bbox 631 3848 665 3912; x_wconf 87' lang='lat' dir='ltr'>P,</span> <span class='ocrx_word' id='word_1_283' title='bbox 688 3847 846 3902; x_wconf 77' lang='lat' dir='ltr'>Bonifatius</span> <span class='ocrx_word' id='word_1_284' title='bbox 867 3849 1021 3903; x_wconf 89' lang='lat' dir='ltr'>Bellitenus</span> <span class='ocrx_word' id='word_1_285' title='bbox 1046 3849 1072 3904; x_wconf 76' lang='lat' dir='ltr'><strong><em>G</em></strong></span> <span class='ocrx_word' id='word_1_286' title='bbox 1153 3850 1185 3905; x_wconf 89' lang='grc'>10</span> <span class='ocrx_word' id='word_1_287' title='bbox 1208 3849 1372 3918; x_wconf 84' lang='lat' dir='ltr'>interrogare</span> <span class='ocrx_word' id='word_1_288' title='bbox 1395 3845 1418 3900; x_wconf 76' lang='grc' dir='ltr'>θ</span> <span class='ocrx_word' id='word_1_289' title='bbox 1491 3891 1493 3898; x_wconf 95' lang='grc'>.</span> 
     </span>
     <span class='ocr_line' id='line_1_32' title="bbox 279 3935 1418 4008; baseline -0.001 -19"><span class='ocrx_word' id='word_1_290' title='bbox 279 3938 415 4006; x_wconf 85' lang='lat' dir='ltr'>potuisset</span> <span class='ocrx_word' id='word_1_291' title='bbox 442 3935 554 3990; x_wconf 85' lang='lat' dir='ltr'>PRBcb</span> <span class='ocrx_word' id='word_1_292' title='bbox 634 3938 665 3990; x_wconf 91' lang='lat'>11</span> <span class='ocrx_word' id='word_1_293' title='bbox 696 3936 841 3992; x_wconf 82' lang='lat' dir='ltr'>Carbensis</span> <span class='ocrx_word' id='word_1_294' title='bbox 868 3937 896 3992; x_wconf 93' lang='lat' dir='ltr'><em>P</em></span> <span class='ocrx_word' id='word_1_295' title='bbox 928 3937 985 4005; x_wconf 82' lang='lat' dir='ltr'>(sed</span> <span class='ocrx_word' id='word_1_296' title='bbox 1007 3943 1077 3992; x_wconf 80' lang='lat' dir='ltr'>recte</span> <span class='ocrx_word' id='word_1_297' title='bbox 1105 3938 1122 3994; x_wconf 83' lang='lat' dir='ltr'>l.</span> <span class='ocrx_word' id='word_1_298' title='bbox 1146 3941 1202 4006; x_wconf 83' lang='lat'>16),</span> <span class='ocrx_word' id='word_1_299' title='bbox 1232 3937 1378 4008; x_wconf 86' lang='lat' dir='ltr'>garbiensis</span> <span class='ocrx_word' id='word_1_300' title='bbox 1404 3935 1418 3988; x_wconf 87' lang='lat' dir='ltr'>b</span> 
     </span>
     <span class='ocr_line' id='line_1_33' title="bbox 282 4024 1417 4096; baseline -0.003 -18"><span class='ocrx_word' id='word_1_301' title='bbox 282 4025 340 4083; x_wconf 73' lang='lat' dir='ltr'>&lt;aad</span> <span class='ocrx_word' id='word_1_302' title='bbox 357 4026 407 4086; x_wconf 77' lang='lat' dir='ltr'>cfr.</span> <span class='ocrx_word' id='word_1_303' title='bbox 422 4040 453 4091; x_wconf 79' lang='lat' dir='ltr'>p.</span> <span class='ocrx_word' id='word_1_304' title='bbox 482 4025 524 4088; x_wconf 83' lang='lat'>17,</span> <span class='ocrx_word' id='word_1_305' title='bbox 549 4026 576 4093; x_wconf 87' lang='lat'>4)</span> <span class='ocrx_word' id='word_1_306' title='bbox 660 4043 760 4096; x_wconf 92' lang='lat' dir='ltr'>paucos</span> <span class='ocrx_word' id='word_1_307' title='bbox 789 4027 954 4080; x_wconf 87' lang='lat' dir='ltr'>ceraticoso</span> <span class='ocrx_word' id='word_1_308' title='bbox 980 4029 1059 4094; x_wconf 81' lang='lat' dir='ltr'>(corr.</span> <span class='ocrx_word' id='word_1_309' title='bbox 1082 4027 1184 4096; x_wconf 81' lang='lat' dir='ltr'>Ooclal.)</span> <span class='ocrx_word' id='word_1_310' title='bbox 1262 4027 1294 4081; x_wconf 84' lang='lat'>13</span> <span class='ocrx_word' id='word_1_311' title='bbox 1313 4028 1354 4081; x_wconf 88' lang='lat' dir='ltr'>est</span> <span class='ocrx_word' id='word_1_312' title='bbox 1370 4024 1417 4077; x_wconf 88' lang='lat' dir='ltr'>toti</span> 
     </span>
     <span class='ocr_line' id='line_1_34' title="bbox 281 4112 1419 4185; baseline -0.003 -19"><span class='ocrx_word' id='word_1_313' title='bbox 281 4121 334 4181; x_wconf 85' lang='lat' dir='ltr'>quo</span> <span class='ocrx_word' id='word_1_314' title='bbox 352 4113 406 4165; x_wconf 88' lang='lat' dir='ltr'>toti</span> <span class='ocrx_word' id='word_1_315' title='bbox 424 4112 451 4164; x_wconf 94' lang='lat' dir='ltr'>B</span> <span class='ocrx_word' id='word_1_316' title='bbox 507 4115 541 4166; x_wconf 88' lang='grc'>14</span> <span class='ocrx_word' id='word_1_317' title='bbox 559 4114 612 4167; x_wconf 90' lang='lat' dir='ltr'>toti</span> <span class='ocrx_word' id='word_1_318' title='bbox 630 4113 737 4170; x_wconf 75' lang='lat' dir='ltr'>Africae</span> <span class='ocrx_word' id='word_1_319' title='bbox 755 4115 921 4185; x_wconf 80' lang='lat' dir='ltr'>peregrinio</span> <span class='ocrx_word' id='word_1_320' title='bbox 996 4118 1029 4171; x_wconf 84' lang='lat'>15</span> <span class='ocrx_word' id='word_1_321' title='bbox 1048 4116 1209 4172; x_wconf 84' lang='lat' dir='ltr'>scismaticis</span> <span class='ocrx_word' id='word_1_322' title='bbox 1223 4116 1252 4169; x_wconf 94' lang='lat' dir='ltr'>B</span> <span class='ocrx_word' id='word_1_323' title='bbox 1323 4116 1419 4168; x_wconf 86' lang='lat' dir='ltr'>interea</span> 
     </span>
     <span class='ocr_line' id='line_1_35' title="bbox 282 4199 1418 4276; baseline 0.002 -22"><span class='ocrx_word' id='word_1_324' title='bbox 282 4201 351 4254; x_wconf 83' lang='lat' dir='ltr'>Uict.</span> <span class='ocrx_word' id='word_1_325' title='bbox 366 4199 446 4256; x_wconf 87' lang='lat' dir='ltr'>Garb.</span> <span class='ocrx_word' id='word_1_326' title='bbox 466 4203 498 4255; x_wconf 82' lang='lat' dir='ltr'>nt</span> <span class='ocrx_word' id='word_1_327' title='bbox 515 4202 579 4256; x_wconf 91' lang='lat' dir='ltr'>hinc</span> <span class='ocrx_word' id='word_1_328' title='bbox 600 4203 680 4271; x_wconf 89' lang='lat' dir='ltr'>(huno</span> <span class='ocrx_word' id='word_1_329' title='bbox 698 4204 736 4273; x_wconf 84' lang='lat' dir='ltr'>B)</span> <span class='ocrx_word' id='word_1_330' title='bbox 756 4203 812 4259; x_wconf 84' lang='lat' dir='ltr'>RB</span> <span class='ocrx_word' id='word_1_331' title='bbox 831 4204 892 4258; x_wconf 80' lang='lat' dir='ltr'>edd.</span> <span class='ocrx_word' id='word_1_332' title='bbox 956 4205 989 4258; x_wconf 89' lang='lat'>18</span> <span class='ocrx_word' id='word_1_333' title='bbox 1008 4223 1025 4276; x_wconf 86' lang='lat' dir='ltr'>p</span> <span class='ocrx_word' id='word_1_334' title='bbox 1044 4206 1105 4259; x_wconf 85' lang='lat' dir='ltr'>lacu</span> <span class='ocrx_word' id='word_1_335' title='bbox 1124 4209 1183 4260; x_wconf 82' lang='lat' dir='ltr'>erat</span> <span class='ocrx_word' id='word_1_336' title='bbox 1202 4206 1254 4273; x_wconf 93' lang='lat' dir='ltr'>(B)</span> <span class='ocrx_word' id='word_1_337' title='bbox 1329 4203 1359 4258; x_wconf 90' lang='grc'>19</span> <span class='ocrx_word' id='word_1_338' title='bbox 1383 4200 1418 4270; x_wconf 91' lang='lat' dir='ltr'>ipi</span> 
     </span>
     <span class='ocr_line' id='line_1_36' title="bbox 283 4287 1417 4364; baseline 0.006 -20"><span class='ocrx_word' id='word_1_339' title='bbox 283 4290 347 4357; x_wconf 77' lang='lat' dir='ltr'>(sic)</span> <span class='ocrx_word' id='word_1_340' title='bbox 376 4291 534 4360; x_wconf 86' lang='lat' dir='ltr'>petiuerunt</span> <span class='ocrx_word' id='word_1_341' title='bbox 554 4292 582 4345; x_wconf 92' lang='lat' dir='ltr'><strong><em>P</em></strong></span> <span class='ocrx_word' id='word_1_342' title='bbox 670 4293 809 4363; x_wconf 88' lang='lat' dir='ltr'>perierunt</span> <span class='ocrx_word' id='word_1_343' title='bbox 831 4294 858 4346; x_wconf 91' lang='lat' dir='ltr'>B</span> <span class='ocrx_word' id='word_1_344' title='bbox 948 4293 982 4349; x_wconf 84' lang='lat'>20</span> <span class='ocrx_word' id='word_1_345' title='bbox 1010 4293 1094 4364; x_wconf 79' lang='lat' dir='ltr'>aliqui</span> <span class='ocrx_word' id='word_1_346' title='bbox 1113 4295 1141 4347; x_wconf 92' lang='lat' dir='ltr'><strong><em>P</em></strong></span> <span class='ocrx_word' id='word_1_347' title='bbox 1229 4294 1261 4350; x_wconf 82' lang='lat'>21</span> <span class='ocrx_word' id='word_1_348' title='bbox 1282 4295 1341 4364; x_wconf 86' lang='lat' dir='ltr'>tyro</span> <span class='ocrx_word' id='word_1_349' title='bbox 1359 4287 1417 4350; x_wconf 73' lang='lat' dir='ltr'>BG,</span> 
     </span>
     <span class='ocr_line' id='line_1_37' title="bbox 280 4378 938 4448; baseline 0.006 -18"><span class='ocrx_word' id='word_1_350' title='bbox 280 4378 303 4431; x_wconf 88' lang='lat' dir='ltr'>ti</span> <span class='ocrx_word' id='word_1_351' title='bbox 375 4395 419 4432; x_wconf 92' lang='lat' dir='ltr'>ros</span> <span class='ocrx_word' id='word_1_352' title='bbox 438 4378 474 4446; x_wconf 90' lang='lat' dir='ltr'>B,</span> <span class='ocrx_word' id='word_1_353' title='bbox 494 4382 552 4433; x_wconf 87' lang='lat' dir='ltr'>atro</span> <span class='ocrx_word' id='word_1_354' title='bbox 571 4396 587 4434; x_wconf 85' lang='lat' dir='ltr'>o</span> <span class='ocrx_word' id='word_1_355' title='bbox 608 4380 713 4446; x_wconf 83' lang='lat' dir='ltr'>(Cocbl.</span> <span class='ocrx_word' id='word_1_356' title='bbox 734 4382 832 4436; x_wconf 78' lang='lat' dir='ltr'>confec.</span> <span class='ocrx_word' id='word_1_357' title='bbox 854 4383 938 4448; x_wconf 88' lang='lat' dir='ltr'>actor)</span> 
     </span>
    </p>
   </div>
   <div class='ocr_carea' id='block_1_8' title="bbox 0 0 1582 5012">
    <p class='ocr_par' dir='ltr' id='par_1_8' title="bbox 0 0 1582 5012">
     <span class='ocr_line' id='line_1_38' title="bbox 0 0 1582 5012; baseline 0 0"><span class='ocrx_word' id='word_1_358' title='bbox 0 0 1582 5012; x_wconf 95' lang='lat' dir='ltr'> </span> 
     </span>
    </p>
   </div>
  </div>
 </body>
</html>
