3064 5010
266 429 329 494 180
609 423 635 476 S.
665 421 807 491 Optati
833 421 1064 475 Milcuitani

265 619 443 703 episcopale
468 619 651 703 collegium,
675 636 748 682 oum
773 618 811 680 ab
836 616 921 680 omni
941 615 1164 699 episcoporum
1184 614 1289 680 officio
1307 615 1397 680 Maca·

263 727 346 790 rium
378 724 516 790 uideatis
550 723 710 787 alienum?
749 721 888 804 uestigio
921 721 1066 786 ueritatis
1099 720 1160 785 hoo
1191 721 1263 786 loco
1292 722 1398 786 calcate

263 833 381 897 iterum
404 833 513 895 nestra
536 831 632 912 caput
653 829 762 893 leuare
786 827 915 892 uidetur
936 827 1068 894 inuidia.
1107 827 1214 892 dicitis
1243 829 1325 892 enim
1350 845 1398 893 nec

263 939 347 1003 inter
363 937 464 1002 laicos
485 955 558 1001 eum
577 935 811 1000 communicare
830 933 990 1002 debuisse.
1015 933 1164 1017 equidem
1183 937 1308 999 constat
1325 954 1397 1012 eum,

263 1048 301 1109 ut
322 1044 444 1109 Paulus
469 1043 634 1126 apostolus
657 1042 780 1125 probat,
804 1041 986 1106 ministrum
1014 1041 1115 1106 finisse
1144 1041 1319 1107 uoluntatis
1347 1040 1428 1106 deis

265 1155 298 1217 et
324 1150 401 1234 quid
432 1150 558 1228 mirum,
592 1149 620 1214 si
648 1152 681 1214 et
706 1149 829 1214 iudices
857 1149 972 1233 pagani
999 1148 1138 1214 ministri
1159 1148 1333 1214 uoluntatis
1357 1147 1398 1210 dei

266 1257 427 1323 aestimari
446 1259 630 1321 meruerunt
649 1256 793 1339 apostolo
814 1256 952 1321 dicente:
978 1274 1048 1321 non
1068 1256 1150 1321 sine
1170 1274 1283 1320 causa
1299 1254 1398 1318 iudan

265 1364 433 1449 gladium
460 1365 613 1446 portat?
638 1365 688 1428 ost
716 1364 799 1427 enirn
827 1363 972 1428 minister
994 1363 1170 1428 uoluntatis
1195 1361 1256 1427 dei.
1284 1380 1352 1425 nam
1373 1365 1399 1424 et

264 1470 424 1536 Macarius
456 1470 489 1534 in
527 1489 585 1535 suo
622 1469 716 1534 iudex
753 1471 853 1536 luisse
885 1470 1065 1536 uidebatur.
1104 1469 1219 1554 quodsi
1250 1488 1310 1534 non
1342 1469 1399 1531 erat

265 1576 360 1641 iudex
382 1577 414 1639 in
439 1595 486 1652 eo,
512 1575 597 1658 quod
620 1575 707 1653 feeit,
732 1575 907 1640 secundum
930 1576 1019 1658 leges
1038 1575 1197 1639 Romanas
1217 1593 1235 1638 a
1252 1573 1399 1637 iudicibus
1412 1591 1431 1627 1⁰

264 1684 297 1747 in
316 1701 387 1748 eum
409 1683 521 1747 debuit
538 1681 703 1750 uindicari.
728 1685 784 1746 aut
807 1682 835 1747 si
858 1682 965 1747 dicitis
989 1701 1047 1747 nec
1071 1682 1117 1747 sic
1141 1701 1215 1746 eum
1240 1682 1398 1747 communi·

266 1808 335 1854 care
360 1788 519 1866 debuisse,
543 1807 601 1854 nos
624 1791 732 1852 tamen
755 1808 817 1853 non
841 1788 1000 1866 uidemus,
1019 1788 1095 1871 quia
1117 1788 1229 1854 debuit
1252 1789 1398 1864 abstineri,

266 1896 321 1979 qui
343 1895 377 1959 id
399 1896 464 1972 tale
487 1894 573 1973 tecit,
598 1893 683 1977 quod
702 1894 822 1959 factum
844 1897 893 1958 est
912 1913 930 1958 a
947 1894 1071 1978 Moyse,
1091 1913 1187 1977 quem
1205 1897 1280 1978 post
1295 1894 1398 1978 uiginti

264 2003 326 2067 tria
348 2002 438 2066 milia
461 2001 626 2066 hominnm
655 2000 761 2066 occisa
790 1999 868 2066 deus
896 2020 958 2065 non
988 2001 1218 2067 contemnendo
1247 2001 1398 2076 abstinuit,
1511 2041 1512 2092 l

266 2109 323 2174 sed
345 2111 383 2172 ut
407 2127 516 2173 secum
538 2109 724 2189 loqueretur
745 2108 862 2171 iterum
889 2107 1050 2176 inuitauit.
1088 2128 1146 2174 nos
1175 2128 1237 2174 non
1265 2108 1398 2172 uidemus
1413 2122 1431 2159 1⁵

266 2215 489 2280 abstinendum
513 2214 613 2279 111111
638 2233 722 2291 eum,
742 2214 796 2295 qui
815 2214 901 2294 lecit,
921 2214 1005 2296 quod
1028 2215 1176 2293 Phineos,
1201 2235 1294 2297 quem
1315 2215 1398 2298 paulo

267 2323 339 2386 ante
362 2321 549 2399 memoraui,
574 2321 628 2403 qui
652 2320 690 2384 ab
713 2320 783 2403 ipso
804 2320 862 2386 deo
880 2340 936 2404 pro
955 2321 1127 2386 homicidio
1146 2321 1269 2386 laudari
1286 2321 1398 2384 memit.

265 2448 328 2493 non
360 2427 489 2492 uidetur
520 2427 623 2512 magis
657 2428 748 2493 nobis
782 2428 989 2494 abstinendus
1022 2429 1124 2494 fuisse
1156 2429 1200 2507 is,
1236 2448 1253 2492 a
1285 2448 1342 2510 quo
1370 2427 1398 2491 id

265 2535 385 2598 factum
409 2536 468 2611 est,
492 2533 577 2615 quod
601 2534 639 2597 ab
662 2533 758 2598 Helia
784 2533 948 2616 propheta,
972 2535 1027 2617 qui
1049 2537 1099 2600 tot
1121 2534 1221 2600 falsos
1243 2535 1399 2618 propbetas

266 2640 392 2704 occidit.
415 2659 489 2704 nam
509 2644 542 2706 et
558 2641 632 2706 illos
651 2642 749 2707 falsos
768 2645 861 2707 uates
879 2643 979 2708 fuisse
998 2645 1062 2708 iarn
1082 2663 1178 2727 supra
1195 2643 1398 2725 probabimus.
1412 2659 1432 2698 1

311 2747 343 2813 7.
378 2746 441 2814 Sed
468 2749 506 2810 ut
533 2747 612 2812 haec
640 2749 784 2831 exempla
811 2749 974 2829 sileantur,
1004 2750 1147 2816 dicamus
1176 2754 1210 2814 et
1237 2769 1304 2827 nos,
1326 2747 1398 2830 quod

266 2852 387 2933 dicitis,
434 2873 523 2918 reum
566 2854 666 2919 fuisse
703 2855 893 2925 Macarinm:
942 2857 1057 2940 quodsi
1101 2857 1179 2936 fuit,
1228 2859 1397 2922 accusatore

267 2958 381 3024 silente
406 2979 424 3023 a
446 2960 538 3025 nobis
562 2980 624 3026 non
647 2961 743 3026 licuit
767 2964 929 3028 abstineri.
970 2964 1126 3046 scriptum
1154 2967 1205 3029 est
1233 2965 1315 3029 enim
1336 2964 1397 3026 ante

267 3066 428 3149 cognitam
452 3085 581 3132 causam
600 3068 758 3132 neminem
779 3088 849 3133 esse
870 3069 1095 3137 damnandum.
1121 3071 1227 3150 dicite,
1248 3071 1397 3154 quiscum

266 3173 433 3237 accusauit
464 3176 497 3237 et
529 3174 657 3239 auditus
694 3195 756 3240 non
794 3179 852 3243 est.
896 3177 991 3243 dicite
1023 3178 1199 3242 Macarium
1233 3178 1396 3243 confessum
1412 3190 1432 3229 2⁵
1510 3155 1511 3172 ¹

269 3298 339 3344 esse
373 3280 500 3363 culpam
533 3283 566 3347 et
596 3285 738 3347 nostram
771 3284 900 3348 siluisse
934 3287 1145 3350 sententiam?
1184 3305 1295 3352 sumus
1325 3283 1395 3349 enim

268 3388 516 3468 qualescumque
539 3387 662 3452 iudices
685 3388 717 3452 in
743 3389 888 3468 ecelesia,
918 3391 1003 3472 quod
1032 3395 1064 3455 et
1090 3392 1153 3475 ipsi
1181 3412 1244 3458 non
1276 3389 1395 3474 negatis,

267 3492 352 3575 quod
393 3512 451 3558 nos
488 3493 610 3558 indices
648 3513 777 3560 seueros
816 3495 930 3562 debere
972 3498 1071 3562 fuisse
1110 3499 1310 3565 contenditis.
1344 3514 1393 3560 non

355 3659 425 3711 5-7
444 3659 521 3714 Rom.
542 3659 584 3722 13,
604 3660 622 3712 4
712 3659 745 3712 13
766 3659 812 3713 cfr.
832 3659 914 3716 Erod.
935 3663 977 3726 32,
998 3663 1032 3716 28
1124 3664 1157 3718 16
1177 3659 1391 3724 ef.Num.25,1l

266 3747 300 3801 19
314 3747 359 3800 cfr.
373 3747 417 3802 III
429 3748 496 3817 Reg.
513 3748 554 3813 18,
568 3748 603 3802 40

303 3871 316 3924 1
337 3871 485 3940 episcopali
505 3872 525 3938 (i
543 3873 592 3940 [ia.
606 3887 674 3927 corr.
689 3873 842 3978 111112)
862 3874 886 3928 0
937 3876 954 3928 2
967 3877 1087 3945 uestigia
1103 3879 1130 3944 (a
1145 3893 1213 3932 corr.
1228 3895 1284 3932 cao
1295 3895 1326 3932 m.
1340 3872 1395 3938 ac

266 3986 404 4056 ueritatis]
422 3987 533 4055 explicit
545 3988 573 4039 B
646 3988 662 4041 3
681 3990 768 4060 capud
788 3993 863 4058 (tm.
885 3991 910 4059 1)
928 3991 957 4046 R
1030 3993 1046 4046 5
1065 3993 1217 4048 uoluntatis
1238 3992 1354 4062 dei—qui
1369 3991 1391 4042 in

266 4075 366 4128 iudicio
387 4078 425 4143 (p.
447 4075 506 4141 181,
528 4077 556 4143 1)
576 4077 670 4132 11111
745 4079 762 4132 6
782 4080 806 4132 si
824 4080 880 4132 1111
894 4079 1038 4134 etiudioes
1055 4080 1078 4134 Ο
1135 4061 1141 4076 ⁸
1157 4083 1173 4136 9
1193 4085 1252 4152 suo]
1270 4083 1335 4135 facto
1352 4094 1390 4131 111

265 4163 436 4217 1111111111
457 4164 526 4218 coni.
548 4164 669 4220 Oasaub.
724 4167 758 4220 16
777 4167 859 4220 finees
878 4168 929 4223 OG
983 4171 1019 4223 24
1038 4174 1182 4239 cognatam
1202 4171 1228 4241 (a
1241 4172 1318 4238 price
1334 4181 1389 4222 corr.

240 4267 242 4270 ·
266 4251 298 4303 11
316 4251 325 4303 1
343 4269 377 4307 m.
397 4251 425 4316 2)
449 4251 471 4305 O
559 4253 593 4307 28
613 4254 668 4311 iud.
689 4272 747 4308 1111
766 4272 845 4310 11111
867 4257 1014 4323 1111111111.
1035 4260 1184 4313 seueriores
1204 4259 1391 4314 1111111111

267 4340 389 4407 quidam,
408 4357 517 4394 seueros
536 4343 635 4411 scripsi
707 4343 818 4398 deberes
838 4348 862 4412 (s
882 4346 933 4400 del.
952 4364 986 4400 m.
1007 4351 1036 4414 2)
1060 4347 1086 4402 G
